id,curr_time,symbol,volume,price
154691,"2018-03-01 15:30:01",TATAMOTORS,6986225,370.15
154692,"2018-03-01 15:30:01",LT,1925919,1315
154689,"2018-03-01 15:30:00",RELCAPITAL,4840509,456
154690,"2018-03-01 15:30:00",MARUTI,609193,8884
154688,"2018-03-01 15:29:59",TCS,858581,3030.1
154687,"2018-03-01 15:29:58",VEDL,8157634,322.95
154684,"2018-03-01 15:29:56",VEDL,8151374,322.7
154685,"2018-03-01 15:29:56",SUNPHARMA,4260544,535.3
154686,"2018-03-01 15:29:56",LT,1923409,1314.95
154682,"2018-03-01 15:29:54",RELCAPITAL,4839432,456
154683,"2018-03-01 15:29:54",TATAMOTORS,6984826,370.1
154681,"2018-03-01 15:29:52",VEDL,8149274,322.35
154680,"2018-03-01 15:29:51",MARUTI,608540,8872.3
154678,"2018-03-01 15:29:50",SUNPHARMA,4258840,535.05
154679,"2018-03-01 15:29:50",TATAMOTORS,6983390,370.1
154677,"2018-03-01 15:29:47",LT,1923016,1314.95
154674,"2018-03-01 15:29:45",RELIANCE,4091076,947.7
154675,"2018-03-01 15:29:45",TCS,858380,3033
154676,"2018-03-01 15:29:45",MARUTI,608363,8872
154672,"2018-03-01 15:29:44",TATAMOTORS,6981450,370
154673,"2018-03-01 15:29:44",RELCAPITAL,4837987,456
154670,"2018-03-01 15:29:42",TATAMOTORS,6979124,370.3
154671,"2018-03-01 15:29:42",RELCAPITAL,4836622,456.45
154669,"2018-03-01 15:29:40",LT,1922050,1315
154668,"2018-03-01 15:29:38",VEDL,8147585,322.15
154666,"2018-03-01 15:29:37",RELCAPITAL,4835150,456.15
154667,"2018-03-01 15:29:37",SUNPHARMA,4257901,535.3
154665,"2018-03-01 15:29:36",LT,1920998,1315
154662,"2018-03-01 15:29:35",LT,1920248,1315
154663,"2018-03-01 15:29:35",MARUTI,608205,8879
154664,"2018-03-01 15:29:35",TCS,858024,3031
154659,"2018-03-01 15:29:34",BPCL,6220205,442.75
154660,"2018-03-01 15:29:34",TATAMOTORS,6976934,370.3
154661,"2018-03-01 15:29:34",LT,1919478,1315
154657,"2018-03-01 15:29:33",TCS,857824,3033
154658,"2018-03-01 15:29:33",RELIANCE,4090054,948.5
154655,"2018-03-01 15:29:32",RELCAPITAL,4834019,456.15
154656,"2018-03-01 15:29:32",TATAMOTORS,6974661,370.15
154653,"2018-03-01 15:29:30",LT,1918958,1314.75
154654,"2018-03-01 15:29:30",RELIANCE,4087019,948.5
154649,"2018-03-01 15:29:29",MARUTI,607897,8880
154650,"2018-03-01 15:29:29",RELCAPITAL,4832696,456
154651,"2018-03-01 15:29:29",VEDL,8144934,322.25
154652,"2018-03-01 15:29:29",MARUTI,608019,8879
154648,"2018-03-01 15:29:28",TCS,857411,3032
154645,"2018-03-01 15:29:27",TATAMOTORS,6972361,370.15
154646,"2018-03-01 15:29:27",MARUTI,607507,8879
154647,"2018-03-01 15:29:27",SUNPHARMA,4256937,535.3
154642,"2018-03-01 15:29:26",VEDL,8143193,322.05
154643,"2018-03-01 15:29:26",MARUTI,606501,8879
154644,"2018-03-01 15:29:26",RELCAPITAL,4831321,456
154640,"2018-03-01 15:29:25",BPCL,6218749,441.5
154641,"2018-03-01 15:29:25",LT,1917982,1315
154635,"2018-03-01 15:29:22",SUNPHARMA,4255895,534.95
154636,"2018-03-01 15:29:22",LT,1917579,1315
154637,"2018-03-01 15:29:22",VEDL,8141405,322.05
154638,"2018-03-01 15:29:22",BPCL,6217413,441.65
154639,"2018-03-01 15:29:22",MARUTI,606379,8879
154634,"2018-03-01 15:29:21",TCS,857194,3031.1
154631,"2018-03-01 15:29:20",LT,1915957,1314.7
154632,"2018-03-01 15:29:20",SUNPHARMA,4253680,535.3
154633,"2018-03-01 15:29:20",RELCAPITAL,4829328,456
154628,"2018-03-01 15:29:19",VEDL,8137668,322.8
154629,"2018-03-01 15:29:19",MARUTI,606078,8879
154630,"2018-03-01 15:29:19",RELIANCE,4086176,948
154626,"2018-03-01 15:29:18",BPCL,6215007,442
154627,"2018-03-01 15:29:18",RELCAPITAL,4828024,456
154623,"2018-03-01 15:29:17",TCS,856889,3032
154624,"2018-03-01 15:29:17",BPCL,6213199,442.5
154625,"2018-03-01 15:29:17",VEDL,8133400,322.75
154620,"2018-03-01 15:29:16",LT,1915570,1315
154621,"2018-03-01 15:29:16",TATAMOTORS,6970779,370.4
154622,"2018-03-01 15:29:16",TCS,856534,3032.25
154618,"2018-03-01 15:29:14",SUNPHARMA,4252686,535
154619,"2018-03-01 15:29:14",BPCL,6205295,442.9
154616,"2018-03-01 15:29:13",BPCL,6201245,442.5
154617,"2018-03-01 15:29:13",RELCAPITAL,4826676,456.6
154614,"2018-03-01 15:29:12",SUNPHARMA,4251824,535
154615,"2018-03-01 15:29:12",BPCL,6199167,442.9
154612,"2018-03-01 15:29:11",VEDL,8129890,322.8
154613,"2018-03-01 15:29:11",TATAMOTORS,6968295,370.1
154610,"2018-03-01 15:29:10",TATAMOTORS,6966225,370.25
154611,"2018-03-01 15:29:10",LT,1914183,1315
154605,"2018-03-01 15:29:08",MARUTI,605821,8879
154606,"2018-03-01 15:29:08",TATAMOTORS,6964715,370.4
154607,"2018-03-01 15:29:08",SUNPHARMA,4250926,535.3
154608,"2018-03-01 15:29:08",MARUTI,605948,8879
154609,"2018-03-01 15:29:08",TCS,856224,3033
154604,"2018-03-01 15:29:06",VEDL,8127990,322.75
154599,"2018-03-01 15:29:05",VEDL,8126343,322.55
154600,"2018-03-01 15:29:05",RELCAPITAL,4825614,456.15
154601,"2018-03-01 15:29:05",SUNPHARMA,4249508,535
154602,"2018-03-01 15:29:05",MARUTI,605569,8877
154603,"2018-03-01 15:29:05",BPCL,6197561,443
154596,"2018-03-01 15:29:04",BPCL,6193211,442.5
154597,"2018-03-01 15:29:04",TATAMOTORS,6963015,370.25
154598,"2018-03-01 15:29:04",LT,1913362,1315
154594,"2018-03-01 15:29:03",RELIANCE,4084852,947.5
154595,"2018-03-01 15:29:03",TCS,856021,3034
154592,"2018-03-01 15:29:02",RELIANCE,4083232,946
154593,"2018-03-01 15:29:02",SUNPHARMA,4248632,535
154590,"2018-03-01 15:29:01",TATAMOTORS,6959864,370.3
154591,"2018-03-01 15:29:01",VEDL,8124711,322.5
154587,"2018-03-01 15:29:00",TATAMOTORS,6958169,370.1
154588,"2018-03-01 15:29:00",MARUTI,605383,8877
154589,"2018-03-01 15:29:00",TCS,855767,3033.05
154586,"2018-03-01 15:28:59",MARUTI,605258,8877
154583,"2018-03-01 15:28:58",RELCAPITAL,4824431,456.5
154584,"2018-03-01 15:28:58",SUNPHARMA,4247698,535.15
154585,"2018-03-01 15:28:58",LT,1912833,1315
154582,"2018-03-01 15:28:57",MARUTI,604922,8877
154580,"2018-03-01 15:28:54",RELCAPITAL,4823176,456
154581,"2018-03-01 15:28:54",LT,1911984,1315
154575,"2018-03-01 15:28:52",TCS,855553,3034
154576,"2018-03-01 15:28:52",VEDL,8123069,322.5
154577,"2018-03-01 15:28:52",MARUTI,604520,8875.7
154578,"2018-03-01 15:28:52",TATAMOTORS,6955945,370.1
154579,"2018-03-01 15:28:52",RELCAPITAL,4819416,456.3
154572,"2018-03-01 15:28:51",BPCL,6180503,442
154573,"2018-03-01 15:28:51",RELIANCE,4066822,948.5
154574,"2018-03-01 15:28:51",SUNPHARMA,4246529,535.3
154571,"2018-03-01 15:28:50",RELIANCE,4063667,948.5
154570,"2018-03-01 15:28:49",VEDL,8119337,322.05
154569,"2018-03-01 15:28:48",TATAMOTORS,6954539,370.1
154565,"2018-03-01 15:28:47",VEDL,8117487,322.4
154566,"2018-03-01 15:28:47",RELIANCE,4062153,948.5
154567,"2018-03-01 15:28:47",SUNPHARMA,4245074,535.3
154568,"2018-03-01 15:28:47",TCS,855142,3035
154563,"2018-03-01 15:28:46",RELIANCE,4060153,948.5
154564,"2018-03-01 15:28:46",VEDL,8113815,322
154561,"2018-03-01 15:28:45",RELCAPITAL,4818299,456.2
154562,"2018-03-01 15:28:45",LT,1911525,1314.5
154560,"2018-03-01 15:28:44",MARUTI,604341,8872.05
154558,"2018-03-01 15:28:42",RELIANCE,4057898,948.3
154559,"2018-03-01 15:28:42",TATAMOTORS,6953091,370.1
154555,"2018-03-01 15:28:41",BPCL,6179031,442.05
154556,"2018-03-01 15:28:41",VEDL,8111834,322
154557,"2018-03-01 15:28:41",RELCAPITAL,4817194,456.7
154554,"2018-03-01 15:28:40",SUNPHARMA,4243997,535.3
154552,"2018-03-01 15:28:38",RELIANCE,4055513,948.75
154553,"2018-03-01 15:28:38",BPCL,6177606,442.3
154551,"2018-03-01 15:28:36",RELIANCE,4054603,947.8
154547,"2018-03-01 15:28:35",RELIANCE,4053264,948.9
154548,"2018-03-01 15:28:35",MARUTI,604079,8875.7
154549,"2018-03-01 15:28:35",TATAMOTORS,6951591,370.15
154550,"2018-03-01 15:28:35",LT,1910572,1315
154545,"2018-03-01 15:28:34",VEDL,8108783,322.05
154546,"2018-03-01 15:28:34",SUNPHARMA,4242994,535.45
154543,"2018-03-01 15:28:32",LT,1910076,1315
154544,"2018-03-01 15:28:32",MARUTI,603659,8878
154542,"2018-03-01 15:28:31",TATAMOTORS,6949978,370.25
154540,"2018-03-01 15:28:30",LT,1909447,1314.8
154541,"2018-03-01 15:28:30",VEDL,8103467,322
154538,"2018-03-01 15:28:29",RELCAPITAL,4815983,456.6
154539,"2018-03-01 15:28:29",RELIANCE,4052448,949
154537,"2018-03-01 15:28:28",TCS,854945,3034
154535,"2018-03-01 15:28:27",RELIANCE,4051196,948.35
154536,"2018-03-01 15:28:27",SUNPHARMA,4241488,535.55
154533,"2018-03-01 15:28:26",BPCL,6176304,442.2
154534,"2018-03-01 15:28:26",TATAMOTORS,6948171,370.2
154530,"2018-03-01 15:28:25",RELCAPITAL,4814219,456.75
154531,"2018-03-01 15:28:25",TATAMOTORS,6946402,370.2
154532,"2018-03-01 15:28:25",MARUTI,603490,8871.5
154527,"2018-03-01 15:28:24",RELIANCE,4046545,948.95
154528,"2018-03-01 15:28:24",TATAMOTORS,6944702,370.2
154529,"2018-03-01 15:28:24",RELCAPITAL,4813214,456.55
154525,"2018-03-01 15:28:23",RELIANCE,4045045,948.85
154526,"2018-03-01 15:28:23",LT,1909063,1315
154524,"2018-03-01 15:28:22",BPCL,6174478,442.3
154523,"2018-03-01 15:28:21",RELCAPITAL,4811667,456.55
154522,"2018-03-01 15:28:20",TATAMOTORS,6943077,370.2
154521,"2018-03-01 15:28:18",SUNPHARMA,4239972,535.05
154519,"2018-03-01 15:28:17",RELIANCE,4043642,948.1
154520,"2018-03-01 15:28:17",MARUTI,602206,8875.05
154515,"2018-03-01 15:28:16",MARUTI,601652,8879
154516,"2018-03-01 15:28:16",TCS,854767,3034.25
154517,"2018-03-01 15:28:16",MARUTI,601908,8879
154518,"2018-03-01 15:28:16",TATAMOTORS,6941098,370.1
154514,"2018-03-01 15:28:15",VEDL,8101283,322.2
154511,"2018-03-01 15:28:14",RELIANCE,4042642,948.2
154512,"2018-03-01 15:28:14",BPCL,6173230,442.2
154513,"2018-03-01 15:28:14",LT,1908326,1314.9
154510,"2018-03-01 15:28:13",TATAMOTORS,6939701,370.1
154509,"2018-03-01 15:28:12",SUNPHARMA,4238958,534.9
154508,"2018-03-01 15:28:09",MARUTI,601030,8877
154506,"2018-03-01 15:28:08",SUNPHARMA,4237710,534.85
154507,"2018-03-01 15:28:08",VEDL,8098559,321.75
154502,"2018-03-01 15:28:07",RELIANCE,4041565,948.85
154503,"2018-03-01 15:28:07",SUNPHARMA,4236760,535.45
154504,"2018-03-01 15:28:07",VEDL,8084559,322.15
154505,"2018-03-01 15:28:07",RELCAPITAL,4809738,456.6
154501,"2018-03-01 15:28:06",TCS,854594,3033.95
154498,"2018-03-01 15:28:05",BPCL,6171888,442
154499,"2018-03-01 15:28:05",MARUTI,600760,8877.45
154500,"2018-03-01 15:28:05",TATAMOTORS,6938266,370.15
154497,"2018-03-01 15:28:04",VEDL,8072951,321.7
154495,"2018-03-01 15:28:03",RELCAPITAL,4808481,456.8
154496,"2018-03-01 15:28:03",SUNPHARMA,4235568,535.05
154493,"2018-03-01 15:28:02",LT,1907923,1314.8
154494,"2018-03-01 15:28:02",MARUTI,600612,8877
154491,"2018-03-01 15:28:01",MARUTI,600398,8879
154492,"2018-03-01 15:28:01",TCS,854423,3032
154488,"2018-03-01 15:28:00",VEDL,8070505,322
154489,"2018-03-01 15:28:00",TATAMOTORS,6936862,370.15
154490,"2018-03-01 15:28:00",BPCL,6170521,442.1
154486,"2018-03-01 15:27:59",VEDL,8061545,322
154487,"2018-03-01 15:27:59",MARUTI,599836,8877.2
154484,"2018-03-01 15:27:58",VEDL,8058045,322
154485,"2018-03-01 15:27:58",SUNPHARMA,4234679,535
154481,"2018-03-01 15:27:57",TCS,854237,3032.05
154482,"2018-03-01 15:27:57",MARUTI,599475,8877
154483,"2018-03-01 15:27:57",RELCAPITAL,4807515,457.25
154479,"2018-03-01 15:27:56",VEDL,8043515,321.75
154480,"2018-03-01 15:27:56",RELIANCE,4039925,948.3
154478,"2018-03-01 15:27:55",RELIANCE,4038862,948.35
154477,"2018-03-01 15:27:54",BPCL,6169266,442.05
154476,"2018-03-01 15:27:53",LT,1907540,1314.85
154475,"2018-03-01 15:27:52",TATAMOTORS,6934986,370.2
154474,"2018-03-01 15:27:51",TCS,854030,3032
154473,"2018-03-01 15:27:50",SUNPHARMA,4233750,535.35
154472,"2018-03-01 15:27:49",BPCL,6167276,442.2
154470,"2018-03-01 15:27:48",VEDL,8038624,321.85
154471,"2018-03-01 15:27:48",TATAMOTORS,6932851,370.2
154467,"2018-03-01 15:27:47",SUNPHARMA,4231938,534.85
154468,"2018-03-01 15:27:47",RELCAPITAL,4806381,457
154469,"2018-03-01 15:27:47",RELIANCE,4037761,948.55
154466,"2018-03-01 15:27:46",MARUTI,599125,8871.2
154465,"2018-03-01 15:27:45",TCS,853854,3034.2
154463,"2018-03-01 15:27:44",TATAMOTORS,6930587,370.1
154464,"2018-03-01 15:27:44",RELIANCE,4036751,948.6
154461,"2018-03-01 15:27:43",TCS,853659,3034.2
154462,"2018-03-01 15:27:43",LT,1907111,1314.95
154460,"2018-03-01 15:27:42",RELCAPITAL,4804468,457
154457,"2018-03-01 15:27:41",VEDL,8037006,321.85
154458,"2018-03-01 15:27:41",MARUTI,598993,8875
154459,"2018-03-01 15:27:41",SUNPHARMA,4231027,534.8
154455,"2018-03-01 15:27:39",MARUTI,598803,8875.3
154456,"2018-03-01 15:27:39",TATAMOTORS,6929013,370.2
154450,"2018-03-01 15:27:38",LT,1906724,1315
154451,"2018-03-01 15:27:38",SUNPHARMA,4229351,534.85
154452,"2018-03-01 15:27:38",VEDL,8034860,321.85
154453,"2018-03-01 15:27:38",TCS,853307,3034
154454,"2018-03-01 15:27:38",RELIANCE,4035911,948.6
154448,"2018-03-01 15:27:37",RELIANCE,4034886,948.8
154449,"2018-03-01 15:27:37",BPCL,6164976,442.2
154447,"2018-03-01 15:27:36",SUNPHARMA,4227746,534.8
154443,"2018-03-01 15:27:35",TATAMOTORS,6927445,370.15
154444,"2018-03-01 15:27:35",SUNPHARMA,4226708,534.8
154445,"2018-03-01 15:27:35",MARUTI,598546,8878
154446,"2018-03-01 15:27:35",VEDL,8030510,322.05
154440,"2018-03-01 15:27:34",RELCAPITAL,4802824,456.95
154441,"2018-03-01 15:27:34",VEDL,8023375,322
154442,"2018-03-01 15:27:34",BPCL,6163436,442.05
154439,"2018-03-01 15:27:33",VEDL,8020002,322
154434,"2018-03-01 15:27:32",MARUTI,598348,8879
154435,"2018-03-01 15:27:32",SUNPHARMA,4225398,534.8
154436,"2018-03-01 15:27:32",TCS,853105,3033.95
154437,"2018-03-01 15:27:32",BPCL,6161345,442
154438,"2018-03-01 15:27:32",RELIANCE,4033780,948.5
154432,"2018-03-01 15:27:30",LT,1906275,1314.95
154433,"2018-03-01 15:27:30",MARUTI,598146,8879
154429,"2018-03-01 15:27:29",VEDL,8016022,322
154430,"2018-03-01 15:27:29",TATAMOTORS,6925732,370.1
154431,"2018-03-01 15:27:29",TCS,852850,3033.5
154428,"2018-03-01 15:27:28",VEDL,8014130,322
154423,"2018-03-01 15:27:27",RELIANCE,4032549,948.35
154424,"2018-03-01 15:27:27",RELCAPITAL,4801383,456.75
154425,"2018-03-01 15:27:27",LT,1905676,1315
154426,"2018-03-01 15:27:27",VEDL,8008780,322
154427,"2018-03-01 15:27:27",MARUTI,597886,8875.45
154422,"2018-03-01 15:27:26",VEDL,8006937,322
154421,"2018-03-01 15:27:25",LT,1905276,1315
154417,"2018-03-01 15:27:24",BPCL,6155565,442.05
154418,"2018-03-01 15:27:24",VEDL,8004426,322.1
154419,"2018-03-01 15:27:24",TATAMOTORS,6923661,370.2
154420,"2018-03-01 15:27:24",TCS,852634,3033.85
154416,"2018-03-01 15:27:23",RELIANCE,4031340,948.9
154414,"2018-03-01 15:27:22",VEDL,8002279,321.95
154415,"2018-03-01 15:27:22",TCS,852288,3035
154413,"2018-03-01 15:27:21",VEDL,8000522,322
154411,"2018-03-01 15:27:20",SUNPHARMA,4223314,535.5
154412,"2018-03-01 15:27:20",LT,1904711,1315
154409,"2018-03-01 15:27:19",RELIANCE,4030297,948.35
154410,"2018-03-01 15:27:19",SUNPHARMA,4222264,535
154407,"2018-03-01 15:27:18",RELCAPITAL,4799935,456.65
154408,"2018-03-01 15:27:18",MARUTI,597464,8876.15
154404,"2018-03-01 15:27:17",RELIANCE,4029282,948.95
154405,"2018-03-01 15:27:17",BPCL,6154248,442.1
154406,"2018-03-01 15:27:17",TATAMOTORS,6921565,370.2
154402,"2018-03-01 15:27:14",SUNPHARMA,4218419,534.9
154403,"2018-03-01 15:27:14",VEDL,7996542,322.15
154401,"2018-03-01 15:27:13",TATAMOTORS,6920108,370.2
154398,"2018-03-01 15:27:12",VEDL,7992684,322.25
154399,"2018-03-01 15:27:12",MARUTI,597284,8876
154400,"2018-03-01 15:27:12",TCS,852076,3034
154395,"2018-03-01 15:27:10",RELCAPITAL,4798144,456.8
154396,"2018-03-01 15:27:10",RELIANCE,4027592,948.6
154397,"2018-03-01 15:27:10",VEDL,7990234,322.25
154393,"2018-03-01 15:27:09",MARUTI,597147,8876
154394,"2018-03-01 15:27:09",SUNPHARMA,4217203,534.9
154390,"2018-03-01 15:27:08",RELIANCE,4026510,948.6
154391,"2018-03-01 15:27:08",VEDL,7985773,322.3
154392,"2018-03-01 15:27:08",TATAMOTORS,6916575,370.1
154387,"2018-03-01 15:27:07",LT,1904278,1314.95
154388,"2018-03-01 15:27:07",RELCAPITAL,4796808,456.5
154389,"2018-03-01 15:27:07",RELIANCE,4025505,948.6
154385,"2018-03-01 15:27:06",VEDL,7980305,322.25
154386,"2018-03-01 15:27:06",RELIANCE,4024505,949.2
154382,"2018-03-01 15:27:05",SUNPHARMA,4216354,534.7
154383,"2018-03-01 15:27:05",MARUTI,596964,8875.25
154384,"2018-03-01 15:27:05",BPCL,6152040,442.1
154379,"2018-03-01 15:27:04",RELCAPITAL,4795838,456.8
154380,"2018-03-01 15:27:04",RELIANCE,4021744,948.7
154381,"2018-03-01 15:27:04",TCS,851809,3033.9
154375,"2018-03-01 15:27:03",VEDL,7977331,322.3
154376,"2018-03-01 15:27:03",MARUTI,596797,8875.15
154377,"2018-03-01 15:27:03",TCS,851632,3033.9
154378,"2018-03-01 15:27:03",BPCL,6150565,442.05
154373,"2018-03-01 15:27:02",SUNPHARMA,4215367,535
154374,"2018-03-01 15:27:02",TATAMOTORS,6914909,370.15
154371,"2018-03-01 15:27:01",RELCAPITAL,4793672,456.6
154372,"2018-03-01 15:27:01",BPCL,6148981,442
154368,"2018-03-01 15:26:59",TATAMOTORS,6912923,370.15
154369,"2018-03-01 15:26:59",VEDL,7973011,322.25
154370,"2018-03-01 15:26:59",SUNPHARMA,4214435,535
154366,"2018-03-01 15:26:58",LT,1903477,1314.95
154367,"2018-03-01 15:26:58",TCS,851290,3033.5
154365,"2018-03-01 15:26:56",RELIANCE,4017904,948.3
154363,"2018-03-01 15:26:54",RELIANCE,4015714,948.45
154364,"2018-03-01 15:26:54",SUNPHARMA,4212032,534.75
154361,"2018-03-01 15:26:52",MARUTI,596636,8875.3
154362,"2018-03-01 15:26:52",TATAMOTORS,6909262,370.15
154360,"2018-03-01 15:26:51",SUNPHARMA,4210792,534.75
154358,"2018-03-01 15:26:50",BPCL,6147644,442
154359,"2018-03-01 15:26:50",VEDL,7970188,322.1
154357,"2018-03-01 15:26:49",SUNPHARMA,4207390,534.75
154355,"2018-03-01 15:26:47",MARUTI,596516,8875
154356,"2018-03-01 15:26:47",TATAMOTORS,6907563,370.15
154353,"2018-03-01 15:26:46",RELIANCE,4013962,948.4
154354,"2018-03-01 15:26:46",VEDL,7968553,322.2
154349,"2018-03-01 15:26:45",TATAMOTORS,6905773,370.3
154350,"2018-03-01 15:26:45",BPCL,6146340,442
154351,"2018-03-01 15:26:45",RELCAPITAL,4792694,456.8
154352,"2018-03-01 15:26:45",RELIANCE,4012907,948.6
154348,"2018-03-01 15:26:44",LT,1903009,1315
154344,"2018-03-01 15:26:41",VEDL,7966575,322.2
154345,"2018-03-01 15:26:41",MARUTI,596167,8874.95
154346,"2018-03-01 15:26:41",TATAMOTORS,6900473,370.25
154347,"2018-03-01 15:26:41",SUNPHARMA,4204511,534.75
154340,"2018-03-01 15:26:40",TCS,851047,3033.35
154341,"2018-03-01 15:26:40",VEDL,7961375,322.3
154342,"2018-03-01 15:26:40",SUNPHARMA,4202391,534.75
154343,"2018-03-01 15:26:40",LT,1901966,1314.95
154337,"2018-03-01 15:26:39",VEDL,7959588,322.3
154338,"2018-03-01 15:26:39",BPCL,6145106,442.05
154339,"2018-03-01 15:26:39",SUNPHARMA,4201041,534.7
154335,"2018-03-01 15:26:38",LT,1897283,1315
154336,"2018-03-01 15:26:38",SUNPHARMA,4199718,534.75
154331,"2018-03-01 15:26:37",VEDL,7955481,322.3
154332,"2018-03-01 15:26:37",RELCAPITAL,4791217,457.5
154333,"2018-03-01 15:26:37",RELIANCE,4012089,949
154334,"2018-03-01 15:26:37",SUNPHARMA,4196111,534.75
154330,"2018-03-01 15:26:36",MARUTI,595932,8875
154328,"2018-03-01 15:26:35",SUNPHARMA,4194691,534.7
154329,"2018-03-01 15:26:35",TCS,850868,3033
154327,"2018-03-01 15:26:34",SUNPHARMA,4193061,534.75
154325,"2018-03-01 15:26:33",RELCAPITAL,4615089,457.85
154326,"2018-03-01 15:26:33",TCS,850453,3033
154323,"2018-03-01 15:26:32",TATAMOTORS,6898296,370.5
154324,"2018-03-01 15:26:32",TCS,849696,3032.95
154322,"2018-03-01 15:26:31",VEDL,7949742,322.3
154320,"2018-03-01 15:26:30",MARUTI,595798,8875
154321,"2018-03-01 15:26:30",TATAMOTORS,6896796,370.45
154319,"2018-03-01 15:26:29",SUNPHARMA,4190311,534.8
154317,"2018-03-01 15:26:28",RELCAPITAL,4613813,458
154318,"2018-03-01 15:26:28",VEDL,7946431,322.35
154314,"2018-03-01 15:26:27",RELIANCE,4009637,948.45
154315,"2018-03-01 15:26:27",LT,1896843,1315
154316,"2018-03-01 15:26:27",TCS,849481,3033
154313,"2018-03-01 15:26:26",RELCAPITAL,4612507,457.9
154310,"2018-03-01 15:26:25",MARUTI,595513,8875
154311,"2018-03-01 15:26:25",TCS,849281,3033
154312,"2018-03-01 15:26:25",RELCAPITAL,4611495,457.8
154309,"2018-03-01 15:26:23",MARUTI,595267,8875
154306,"2018-03-01 15:26:22",SUNPHARMA,4187841,534.55
154307,"2018-03-01 15:26:22",LT,1895424,1314.95
154308,"2018-03-01 15:26:22",RELIANCE,4008169,949
154305,"2018-03-01 15:26:21",BPCL,6142972,442.2
154302,"2018-03-01 15:26:20",TATAMOTORS,6892373,370.3
154303,"2018-03-01 15:26:20",SUNPHARMA,4184820,534.8
154304,"2018-03-01 15:26:20",MARUTI,595078,8875
154299,"2018-03-01 15:26:19",RELCAPITAL,4609757,457.7
154300,"2018-03-01 15:26:19",RELIANCE,4005838,948.6
154301,"2018-03-01 15:26:19",VEDL,7944565,322.5
154298,"2018-03-01 15:26:18",SUNPHARMA,4183431,534.8
154296,"2018-03-01 15:26:17",RELIANCE,4004705,948.7
154297,"2018-03-01 15:26:17",TCS,848873,3034
154293,"2018-03-01 15:26:16",VEDL,7940275,322.3
154294,"2018-03-01 15:26:16",MARUTI,594543,8873.5
154295,"2018-03-01 15:26:16",TATAMOTORS,6889442,370.5
154292,"2018-03-01 15:26:15",SUNPHARMA,4182313,534.75
154290,"2018-03-01 15:26:14",LT,1895028,1315
154291,"2018-03-01 15:26:14",RELIANCE,4003491,948.6
154289,"2018-03-01 15:26:12",BPCL,6141727,442.1
154287,"2018-03-01 15:26:11",TCS,848684,3034.4
154288,"2018-03-01 15:26:11",RELCAPITAL,4608803,457.9
154285,"2018-03-01 15:26:07",SUNPHARMA,4181464,534.8
154286,"2018-03-01 15:26:07",VEDL,7938430,322.45
154281,"2018-03-01 15:26:06",LT,1894629,1315
154282,"2018-03-01 15:26:06",VEDL,7936503,322.5
154283,"2018-03-01 15:26:06",RELIANCE,4002473,948.55
154284,"2018-03-01 15:26:06",SUNPHARMA,4180008,534.75
154278,"2018-03-01 15:26:05",SUNPHARMA,4179088,534.75
154279,"2018-03-01 15:26:05",TATAMOTORS,6886871,370.3
154280,"2018-03-01 15:26:05",RELCAPITAL,4607260,457.95
154276,"2018-03-01 15:26:03",LT,1894088,1314.9
154277,"2018-03-01 15:26:03",TCS,848510,3033.1
154275,"2018-03-01 15:26:02",VEDL,7934773,322.3
154272,"2018-03-01 15:26:00",LT,1892927,1315
154273,"2018-03-01 15:26:00",BPCL,6140029,442.3
154274,"2018-03-01 15:26:00",MARUTI,594402,8870.3
154269,"2018-03-01 15:25:59",RELCAPITAL,4606274,458
154270,"2018-03-01 15:25:59",VEDL,7932672,322.5
154271,"2018-03-01 15:25:59",TCS,848335,3033.1
154267,"2018-03-01 15:25:58",SUNPHARMA,4177793,534.9
154268,"2018-03-01 15:25:58",MARUTI,594220,8870.3
154265,"2018-03-01 15:25:57",RELCAPITAL,4605274,457.95
154266,"2018-03-01 15:25:57",RELIANCE,4000635,948.4
154263,"2018-03-01 15:25:56",VEDL,7931012,322.5
154264,"2018-03-01 15:25:56",BPCL,6138503,441.95
154261,"2018-03-01 15:25:55",BPCL,6136022,442.05
154262,"2018-03-01 15:25:55",LT,1886726,1314.85
154259,"2018-03-01 15:25:53",TCS,848143,3033.2
154260,"2018-03-01 15:25:53",RELIANCE,3999407,948.55
154258,"2018-03-01 15:25:52",TATAMOTORS,6885146,370.3
154255,"2018-03-01 15:25:50",MARUTI,594008,8870.35
154256,"2018-03-01 15:25:50",RELCAPITAL,4603592,458
154257,"2018-03-01 15:25:50",SUNPHARMA,4176390,534.8
154253,"2018-03-01 15:25:49",RELCAPITAL,4602042,458
154254,"2018-03-01 15:25:49",VEDL,7927340,322.5
154250,"2018-03-01 15:25:48",MARUTI,593875,8870
154251,"2018-03-01 15:25:48",BPCL,6133976,442.05
154252,"2018-03-01 15:25:48",SUNPHARMA,4175339,534.8
154247,"2018-03-01 15:25:47",TCS,847965,3033.05
154248,"2018-03-01 15:25:47",RELIANCE,3998547,948.55
154249,"2018-03-01 15:25:47",BPCL,6131902,442.15
154246,"2018-03-01 15:25:46",VEDL,7920942,322.7
154245,"2018-03-01 15:25:45",SUNPHARMA,4174483,534.8
154243,"2018-03-01 15:25:44",TATAMOTORS,6883738,370.3
154244,"2018-03-01 15:25:44",MARUTI,593716,8870.35
154240,"2018-03-01 15:25:42",RELCAPITAL,4601118,457.85
154241,"2018-03-01 15:25:42",BPCL,6130550,442.15
154242,"2018-03-01 15:25:42",TCS,847763,3033.85
154239,"2018-03-01 15:25:41",RELIANCE,3997024,948.4
154236,"2018-03-01 15:25:40",MARUTI,593208,8870.05
154237,"2018-03-01 15:25:40",RELIANCE,3996196,948.6
154238,"2018-03-01 15:25:40",LT,1886341,1314.85
154235,"2018-03-01 15:25:38",SUNPHARMA,4173156,534.75
154234,"2018-03-01 15:25:37",VEDL,7915541,323
154231,"2018-03-01 15:25:36",VEDL,7913791,323
154232,"2018-03-01 15:25:36",TATAMOTORS,6882214,370.45
154233,"2018-03-01 15:25:36",RELIANCE,3995038,948.3
154228,"2018-03-01 15:25:35",TCS,847582,3033.25
154229,"2018-03-01 15:25:35",MARUTI,593034,8874.25
154230,"2018-03-01 15:25:35",SUNPHARMA,4170224,534.85
154227,"2018-03-01 15:25:34",RELIANCE,3993544,948.35
154225,"2018-03-01 15:25:33",TATAMOTORS,6879791,370.35
154226,"2018-03-01 15:25:33",SUNPHARMA,4169266,534.9
154224,"2018-03-01 15:25:32",TCS,847315,3034.6
154222,"2018-03-01 15:25:30",BPCL,6128607,442.15
154223,"2018-03-01 15:25:30",MARUTI,592476,8875.5
154221,"2018-03-01 15:25:29",MARUTI,592319,8875.5
154219,"2018-03-01 15:25:28",TCS,846857,3035.4
154220,"2018-03-01 15:25:28",SUNPHARMA,4167749,534.75
154218,"2018-03-01 15:25:26",RELIANCE,3992245,948.3
154214,"2018-03-01 15:25:25",SUNPHARMA,4162606,534.75
154215,"2018-03-01 15:25:25",LT,1885750,1314.65
154216,"2018-03-01 15:25:25",RELCAPITAL,4599798,457.8
154217,"2018-03-01 15:25:25",RELIANCE,3991110,948.95
154213,"2018-03-01 15:25:24",VEDL,7912016,323
154211,"2018-03-01 15:25:23",VEDL,7907353,323.05
154212,"2018-03-01 15:25:23",MARUTI,591643,8875.5
154210,"2018-03-01 15:25:21",TCS,846642,3034.8
154208,"2018-03-01 15:25:20",SUNPHARMA,4161330,535
154209,"2018-03-01 15:25:20",RELCAPITAL,4598711,457.8
154206,"2018-03-01 15:25:19",MARUTI,591516,8875.5
154207,"2018-03-01 15:25:19",LT,1884793,1314.8
154204,"2018-03-01 15:25:17",RELIANCE,3990130,948.85
154205,"2018-03-01 15:25:17",BPCL,6126300,442.35
154203,"2018-03-01 15:25:16",TCS,846450,3034.55
154200,"2018-03-01 15:25:15",MARUTI,591226,8876.85
154201,"2018-03-01 15:25:15",TATAMOTORS,6877594,370.45
154202,"2018-03-01 15:25:15",SUNPHARMA,4158914,534.9
154196,"2018-03-01 15:25:13",RELIANCE,3988613,948.9
154197,"2018-03-01 15:25:13",SUNPHARMA,4158034,534.75
154198,"2018-03-01 15:25:13",MARUTI,590745,8876
154199,"2018-03-01 15:25:13",TCS,846195,3032
154194,"2018-03-01 15:25:12",RELIANCE,3987038,948.9
154195,"2018-03-01 15:25:12",MARUTI,590520,8876
154192,"2018-03-01 15:25:11",BPCL,6124863,442.1
154193,"2018-03-01 15:25:11",VEDL,7905672,323.25
154191,"2018-03-01 15:25:10",MARUTI,590246,8876
154188,"2018-03-01 15:25:08",MARUTI,588852,8879
154189,"2018-03-01 15:25:08",TCS,845821,3031.4
154190,"2018-03-01 15:25:08",RELIANCE,3984244,949
154187,"2018-03-01 15:25:07",TATAMOTORS,6876074,370.45
154183,"2018-03-01 15:25:06",LT,1884412,1314.45
154184,"2018-03-01 15:25:06",RELCAPITAL,4597346,458
154185,"2018-03-01 15:25:06",RELIANCE,3983019,949
154186,"2018-03-01 15:25:06",SUNPHARMA,4157198,534.65
154181,"2018-03-01 15:25:05",VEDL,7903853,323.15
154182,"2018-03-01 15:25:05",TCS,845513,3031
154179,"2018-03-01 15:25:04",MARUTI,588728,8879
154180,"2018-03-01 15:25:04",TCS,845011,3031.65
154177,"2018-03-01 15:25:03",RELIANCE,3980745,948.95
154178,"2018-03-01 15:25:03",SUNPHARMA,4156181,534.9
154174,"2018-03-01 15:25:02",BPCL,6123555,442.05
154175,"2018-03-01 15:25:02",TATAMOTORS,6874211,370.2
154176,"2018-03-01 15:25:02",TCS,844765,3031.2
154172,"2018-03-01 15:25:00",VEDL,7901687,323.5
154173,"2018-03-01 15:25:00",MARUTI,588393,8879
154170,"2018-03-01 15:24:59",TCS,843957,3032.15
154171,"2018-03-01 15:24:59",MARUTI,588160,8879
154169,"2018-03-01 15:24:58",RELCAPITAL,4595281,458
154167,"2018-03-01 15:24:57",RELIANCE,3979380,948.8
154168,"2018-03-01 15:24:57",TCS,843451,3032.15
154163,"2018-03-01 15:24:56",MARUTI,587756,8875.75
154164,"2018-03-01 15:24:56",TCS,843191,3031.8
154165,"2018-03-01 15:24:56",SUNPHARMA,4154821,534.75
154166,"2018-03-01 15:24:56",LT,1883992,1314.85
154162,"2018-03-01 15:24:55",VEDL,7900093,323.5
154161,"2018-03-01 15:24:54",RELIANCE,3977785,948.75
154160,"2018-03-01 15:24:53",SUNPHARMA,4153852,534.8
154157,"2018-03-01 15:24:52",BPCL,6122058,442
154158,"2018-03-01 15:24:52",TATAMOTORS,6872800,370.45
154159,"2018-03-01 15:24:52",TCS,842365,3032.7
154156,"2018-03-01 15:24:51",SUNPHARMA,4150449,534.9
154153,"2018-03-01 15:24:50",BPCL,6120761,442
154154,"2018-03-01 15:24:50",LT,1883563,1314.05
154155,"2018-03-01 15:24:50",TATAMOTORS,6870517,370.25
154152,"2018-03-01 15:24:49",VEDL,7898364,323.5
154150,"2018-03-01 15:24:48",BPCL,6119530,442
154151,"2018-03-01 15:24:48",LT,1882526,1314.85
154147,"2018-03-01 15:24:47",MARUTI,587635,8875.75
154148,"2018-03-01 15:24:47",RELCAPITAL,4593609,457.8
154149,"2018-03-01 15:24:47",VEDL,7884535,323.2
154143,"2018-03-01 15:24:46",TCS,842005,3032.1
154144,"2018-03-01 15:24:46",BPCL,6117580,442.05
154145,"2018-03-01 15:24:46",SUNPHARMA,4149136,534.85
154146,"2018-03-01 15:24:46",RELIANCE,3976842,948.55
154142,"2018-03-01 15:24:45",RELIANCE,3975822,948.55
154140,"2018-03-01 15:24:44",VEDL,7881262,323.25
154141,"2018-03-01 15:24:44",MARUTI,587516,8875.5
154138,"2018-03-01 15:24:43",RELIANCE,3974736,948.95
154139,"2018-03-01 15:24:43",TATAMOTORS,6868824,370.45
154137,"2018-03-01 15:24:42",LT,1881823,1314
154135,"2018-03-01 15:24:41",MARUTI,587310,8875
154136,"2018-03-01 15:24:41",LT,1881301,1314.1
154131,"2018-03-01 15:24:39",BPCL,6115669,442.3
154132,"2018-03-01 15:24:39",RELCAPITAL,4589994,458
154133,"2018-03-01 15:24:39",RELIANCE,3973488,948.5
154134,"2018-03-01 15:24:39",TCS,841828,3032.05
154129,"2018-03-01 15:24:38",SUNPHARMA,4148270,535
154130,"2018-03-01 15:24:38",MARUTI,587127,8875
154127,"2018-03-01 15:24:37",RELCAPITAL,4587994,458.35
154128,"2018-03-01 15:24:37",RELIANCE,3972183,948.8
154125,"2018-03-01 15:24:36",SUNPHARMA,4146798,535
154126,"2018-03-01 15:24:36",MARUTI,586988,8875
154122,"2018-03-01 15:24:35",TCS,841539,3031.9
154123,"2018-03-01 15:24:35",MARUTI,586661,8873.05
154124,"2018-03-01 15:24:35",TATAMOTORS,6867156,370.25
154121,"2018-03-01 15:24:34",RELIANCE,3971001,948.35
154120,"2018-03-01 15:24:33",SUNPHARMA,4143739,535
154116,"2018-03-01 15:24:32",TCS,841326,3031.85
154117,"2018-03-01 15:24:32",RELCAPITAL,4585924,458
154118,"2018-03-01 15:24:32",RELIANCE,3969648,948.5
154119,"2018-03-01 15:24:32",SUNPHARMA,4142325,535
154115,"2018-03-01 15:24:29",LT,1880895,1314.05
154114,"2018-03-01 15:24:28",TCS,841125,3032.2
154111,"2018-03-01 15:24:27",VEDL,7879639,323.25
154112,"2018-03-01 15:24:27",TATAMOTORS,6865754,370.45
154113,"2018-03-01 15:24:27",RELIANCE,3968622,948.7
154108,"2018-03-01 15:24:26",RELCAPITAL,4578678,457.95
154109,"2018-03-01 15:24:26",MARUTI,586515,8873
154110,"2018-03-01 15:24:26",RELIANCE,3967184,948.3
154107,"2018-03-01 15:24:25",BPCL,6113466,442.05
154104,"2018-03-01 15:24:24",TCS,840901,3032.2
154105,"2018-03-01 15:24:24",RELIANCE,3966080,948.7
154106,"2018-03-01 15:24:24",LT,1880490,1313.9
154101,"2018-03-01 15:24:21",MARUTI,586316,8873
154102,"2018-03-01 15:24:21",TATAMOTORS,6864339,370.3
154103,"2018-03-01 15:24:21",RELCAPITAL,4576764,457.9
154098,"2018-03-01 15:24:20",BPCL,6112043,442
154099,"2018-03-01 15:24:20",TCS,840698,3033
154100,"2018-03-01 15:24:20",LT,1880110,1313.9
154097,"2018-03-01 15:24:18",TATAMOTORS,6860157,370.45
154095,"2018-03-01 15:24:17",TCS,840199,3032
154096,"2018-03-01 15:24:17",RELIANCE,3964740,948.2
154093,"2018-03-01 15:24:16",RELIANCE,3963690,948.6
154094,"2018-03-01 15:24:16",SUNPHARMA,4139449,535
154092,"2018-03-01 15:24:14",RELCAPITAL,4575089,458
154088,"2018-03-01 15:24:12",SUNPHARMA,4137422,535
154089,"2018-03-01 15:24:12",LT,1879616,1313.9
154090,"2018-03-01 15:24:12",MARUTI,586184,8873
154091,"2018-03-01 15:24:12",TCS,839956,3033
154087,"2018-03-01 15:24:11",RELCAPITAL,4573561,458
154084,"2018-03-01 15:24:09",VEDL,7877205,323.25
154085,"2018-03-01 15:24:09",BPCL,6110792,442.1
154086,"2018-03-01 15:24:09",LT,1879226,1314.1
154081,"2018-03-01 15:24:08",MARUTI,586028,8873
154082,"2018-03-01 15:24:08",TCS,839370,3033
154083,"2018-03-01 15:24:08",SUNPHARMA,4135954,534.65
154078,"2018-03-01 15:24:07",MARUTI,585857,8873
154079,"2018-03-01 15:24:07",SUNPHARMA,4132550,534.5
154080,"2018-03-01 15:24:07",LT,1878837,1314.05
154076,"2018-03-01 15:24:06",RELIANCE,3962650,948.15
154077,"2018-03-01 15:24:06",TATAMOTORS,6858585,370.45
154075,"2018-03-01 15:24:05",TCS,839055,3033.75
154074,"2018-03-01 15:24:04",LT,1878394,1313.55
154072,"2018-03-01 15:24:03",SUNPHARMA,4131329,534.8
154073,"2018-03-01 15:24:03",MARUTI,585372,8870
154070,"2018-03-01 15:24:02",RELIANCE,3960706,947.8
154071,"2018-03-01 15:24:02",LT,1877961,1313.6
154068,"2018-03-01 15:24:01",TCS,838874,3033.4
154069,"2018-03-01 15:24:01",TATAMOTORS,6856754,370.25
154067,"2018-03-01 15:23:59",BPCL,6109295,442
154065,"2018-03-01 15:23:58",SUNPHARMA,4128290,534.6
154066,"2018-03-01 15:23:58",LT,1877519,1314.05
154061,"2018-03-01 15:23:57",TCS,838686,3033.3
154062,"2018-03-01 15:23:57",BPCL,6108041,442.1
154063,"2018-03-01 15:23:57",VEDL,7875435,323.3
154064,"2018-03-01 15:23:57",RELIANCE,3959471,947.9
154059,"2018-03-01 15:23:56",MARUTI,585230,8870
154060,"2018-03-01 15:23:56",RELCAPITAL,4572026,457.55
154058,"2018-03-01 15:23:55",BPCL,6106443,442.2
154056,"2018-03-01 15:23:53",RELIANCE,3958267,948.4
154057,"2018-03-01 15:23:53",SUNPHARMA,4126164,534.95
154054,"2018-03-01 15:23:52",TATAMOTORS,6855342,370.25
154055,"2018-03-01 15:23:52",LT,1876561,1314.2
154053,"2018-03-01 15:23:49",TCS,838468,3033.75
154049,"2018-03-01 15:23:47",MARUTI,585046,8870
154050,"2018-03-01 15:23:47",BPCL,6104919,442.3
154051,"2018-03-01 15:23:47",RELIANCE,3957345,948
154052,"2018-03-01 15:23:47",TATAMOTORS,6853015,370.5
154047,"2018-03-01 15:23:46",MARUTI,584723,8870
154048,"2018-03-01 15:23:46",LT,1876126,1314.1
154046,"2018-03-01 15:23:45",SUNPHARMA,4124875,534.6
154044,"2018-03-01 15:23:44",VEDL,7873758,323.4
154045,"2018-03-01 15:23:44",MARUTI,584546,8869.05
154043,"2018-03-01 15:23:43",TCS,838281,3032.55
154041,"2018-03-01 15:23:42",SUNPHARMA,4124037,534.9
154042,"2018-03-01 15:23:42",TATAMOTORS,6851467,370.25
154038,"2018-03-01 15:23:40",RELIANCE,3955250,947.95
154039,"2018-03-01 15:23:40",TCS,838056,3032.55
154040,"2018-03-01 15:23:40",VEDL,7872111,323.4
154035,"2018-03-01 15:23:39",MARUTI,584422,8869
154036,"2018-03-01 15:23:39",BPCL,6103636,442.4
154037,"2018-03-01 15:23:39",TATAMOTORS,6849443,370.5
154034,"2018-03-01 15:23:38",RELCAPITAL,4570288,457.45
154032,"2018-03-01 15:23:37",BPCL,6101131,442.15
154033,"2018-03-01 15:23:37",LT,1875732,1314.85
154030,"2018-03-01 15:23:36",TCS,837881,3033.9
154031,"2018-03-01 15:23:36",RELCAPITAL,4567041,457.65
154028,"2018-03-01 15:23:35",SUNPHARMA,4122393,534.7
154029,"2018-03-01 15:23:35",LT,1874697,1314.8
154024,"2018-03-01 15:23:34",LT,1874177,1314.8
154025,"2018-03-01 15:23:34",RELCAPITAL,4565981,457.8
154026,"2018-03-01 15:23:34",TATAMOTORS,6847629,370.5
154027,"2018-03-01 15:23:34",RELIANCE,3953617,947.7
154020,"2018-03-01 15:23:33",SUNPHARMA,4121331,534.8
154021,"2018-03-01 15:23:33",VEDL,7870231,323.25
154022,"2018-03-01 15:23:33",MARUTI,584208,8869.6
154023,"2018-03-01 15:23:33",TCS,837679,3033.2
154018,"2018-03-01 15:23:32",RELIANCE,3952609,947.7
154019,"2018-03-01 15:23:32",BPCL,6099646,442.4
154016,"2018-03-01 15:23:31",LT,1872288,1314.9
154017,"2018-03-01 15:23:31",TCS,837426,3033.2
154012,"2018-03-01 15:23:29",TCS,837168,3032.8
154013,"2018-03-01 15:23:29",RELIANCE,3950426,948.25
154014,"2018-03-01 15:23:29",SUNPHARMA,4120496,534.4
154015,"2018-03-01 15:23:29",TATAMOTORS,6846042,370.5
154011,"2018-03-01 15:23:27",VEDL,7868623,323.25
154004,"2018-03-01 15:23:26",BPCL,6098392,442.2
154005,"2018-03-01 15:23:26",VEDL,7867003,323.4
154006,"2018-03-01 15:23:26",MARUTI,584085,8869.55
154007,"2018-03-01 15:23:26",TATAMOTORS,6843633,370.55
154008,"2018-03-01 15:23:26",TCS,836954,3032.55
154009,"2018-03-01 15:23:26",RELIANCE,3949429,947.7
154010,"2018-03-01 15:23:26",LT,1871911,1314.95
154003,"2018-03-01 15:23:25",TATAMOTORS,6841124,370.2
154001,"2018-03-01 15:23:24",SUNPHARMA,4119275,534.3
154002,"2018-03-01 15:23:24",VEDL,7865069,323.25
153998,"2018-03-01 15:23:23",MARUTI,583681,8873.9
153999,"2018-03-01 15:23:23",TATAMOTORS,6839736,370.5
154000,"2018-03-01 15:23:23",BPCL,6096940,442.45
153997,"2018-03-01 15:23:22",VEDL,7862822,323.45
153995,"2018-03-01 15:23:21",MARUTI,583499,8870.55
153996,"2018-03-01 15:23:21",TCS,836702,3033.05
153990,"2018-03-01 15:23:20",TATAMOTORS,6835131,370.5
153991,"2018-03-01 15:23:20",BPCL,6095103,442.7
153992,"2018-03-01 15:23:20",RELIANCE,3946415,948.4
153993,"2018-03-01 15:23:20",SUNPHARMA,4117983,534.55
153994,"2018-03-01 15:23:20",LT,1870268,1314.95
153988,"2018-03-01 15:23:19",TCS,836452,3032.45
153989,"2018-03-01 15:23:19",BPCL,6093539,442.3
153985,"2018-03-01 15:23:18",SUNPHARMA,4114381,534.5
153986,"2018-03-01 15:23:18",MARUTI,582936,8872.75
153987,"2018-03-01 15:23:18",RELIANCE,3944657,948.05
153980,"2018-03-01 15:23:17",RELCAPITAL,4565048,458
153981,"2018-03-01 15:23:17",SUNPHARMA,4112557,534.65
153982,"2018-03-01 15:23:17",BPCL,6088560,442.4
153983,"2018-03-01 15:23:17",VEDL,7860652,323.45
153984,"2018-03-01 15:23:17",TCS,836085,3032.4
153979,"2018-03-01 15:23:16",LT,1869864,1314.95
153976,"2018-03-01 15:23:15",TATAMOTORS,6833558,370.6
153977,"2018-03-01 15:23:15",RELCAPITAL,4559826,457.45
153978,"2018-03-01 15:23:15",BPCL,6087070,442.25
153974,"2018-03-01 15:23:14",RELIANCE,3943408,947.8
153975,"2018-03-01 15:23:14",LT,1868792,1314.65
153972,"2018-03-01 15:23:13",TATAMOTORS,6831174,370.5
153973,"2018-03-01 15:23:13",MARUTI,582809,8873.55
153969,"2018-03-01 15:23:12",BPCL,6085076,442.2
153970,"2018-03-01 15:23:12",RELCAPITAL,4556456,457.95
153971,"2018-03-01 15:23:12",SUNPHARMA,4110718,534.85
153968,"2018-03-01 15:23:11",TCS,835782,3031.6
153966,"2018-03-01 15:23:10",VEDL,7856883,323.3
153967,"2018-03-01 15:23:10",TATAMOTORS,6828643,370.7
153964,"2018-03-01 15:23:09",RELCAPITAL,4554745,457.5
153965,"2018-03-01 15:23:09",MARUTI,582671,8872
153960,"2018-03-01 15:23:08",VEDL,7852870,323.45
153961,"2018-03-01 15:23:08",RELIANCE,3942367,948.45
153962,"2018-03-01 15:23:08",TCS,835545,3031.6
153963,"2018-03-01 15:23:08",BPCL,6082945,442.2
153956,"2018-03-01 15:23:07",SUNPHARMA,4109402,534.5
153957,"2018-03-01 15:23:07",LT,1868318,1314.8
153958,"2018-03-01 15:23:07",MARUTI,582393,8872
153959,"2018-03-01 15:23:07",TATAMOTORS,6826869,370.55
153951,"2018-03-01 15:23:05",TCS,834515,3032.35
153952,"2018-03-01 15:23:05",RELCAPITAL,4553813,457.6
153953,"2018-03-01 15:23:05",RELIANCE,3941067,947.9
153954,"2018-03-01 15:23:05",TATAMOTORS,6824335,370.55
153955,"2018-03-01 15:23:05",BPCL,6080580,442.45
153948,"2018-03-01 15:23:04",TATAMOTORS,6822930,370.75
153949,"2018-03-01 15:23:04",TCS,834326,3032.35
153950,"2018-03-01 15:23:04",SUNPHARMA,4108334,534.5
153942,"2018-03-01 15:23:03",LT,1867716,1314.75
153943,"2018-03-01 15:23:03",TATAMOTORS,6817966,370.7
153944,"2018-03-01 15:23:03",MARUTI,582257,8876.85
153945,"2018-03-01 15:23:03",RELCAPITAL,4551949,457.75
153946,"2018-03-01 15:23:03",RELIANCE,3937840,947.95
153947,"2018-03-01 15:23:03",SUNPHARMA,4107388,534.5
153940,"2018-03-01 15:23:02",VEDL,7851176,323.5
153941,"2018-03-01 15:23:02",LT,1867227,1314.95
153937,"2018-03-01 15:23:01",SUNPHARMA,4106068,534.65
153938,"2018-03-01 15:23:01",MARUTI,581977,8876.45
153939,"2018-03-01 15:23:01",BPCL,6076739,442.35
153934,"2018-03-01 15:23:00",VEDL,7848875,323.5
153935,"2018-03-01 15:23:00",RELCAPITAL,4550783,457.75
153936,"2018-03-01 15:23:00",RELIANCE,3936679,947.95
153931,"2018-03-01 15:22:59",TCS,834137,3032.35
153932,"2018-03-01 15:22:59",VEDL,7846085,323.5
153933,"2018-03-01 15:22:59",RELIANCE,3935736,947.95
153926,"2018-03-01 15:22:58",VEDL,7836287,323.5
153927,"2018-03-01 15:22:58",SUNPHARMA,4105197,535
153928,"2018-03-01 15:22:58",LT,1866201,1314.95
153929,"2018-03-01 15:22:58",MARUTI,581755,8874
153930,"2018-03-01 15:22:58",BPCL,6073031,442.75
153922,"2018-03-01 15:22:57",VEDL,7833707,323.5
153923,"2018-03-01 15:22:57",RELIANCE,3934298,948
153924,"2018-03-01 15:22:57",TATAMOTORS,6815387,370.7
153925,"2018-03-01 15:22:57",TCS,833912,3032.3
153920,"2018-03-01 15:22:56",MARUTI,580806,8875
153921,"2018-03-01 15:22:56",BPCL,6066712,442.45
153915,"2018-03-01 15:22:55",VEDL,7828959,323.5
153916,"2018-03-01 15:22:55",SUNPHARMA,4103493,535
153917,"2018-03-01 15:22:55",BPCL,6064686,442.4
153918,"2018-03-01 15:22:55",TATAMOTORS,6809173,370.7
153919,"2018-03-01 15:22:55",LT,1865731,1315.35
153912,"2018-03-01 15:22:54",TCS,833432,3032.7
153913,"2018-03-01 15:22:54",MARUTI,580689,8875
153914,"2018-03-01 15:22:54",RELIANCE,3933213,948.05
153908,"2018-03-01 15:22:53",VEDL,7823731,323.65
153909,"2018-03-01 15:22:53",BPCL,6062381,442.4
153910,"2018-03-01 15:22:53",RELIANCE,3928987,948.2
153911,"2018-03-01 15:22:53",LT,1865004,1315
153905,"2018-03-01 15:22:51",TCS,833241,3033.05
153906,"2018-03-01 15:22:51",SUNPHARMA,4102636,535
153907,"2018-03-01 15:22:51",LT,1864200,1314.7
153898,"2018-03-01 15:22:50",RELIANCE,3927749,948.15
153899,"2018-03-01 15:22:50",TATAMOTORS,6807251,370.65
153900,"2018-03-01 15:22:50",BPCL,6061067,442.15
153901,"2018-03-01 15:22:50",MARUTI,580539,8875
153902,"2018-03-01 15:22:50",VEDL,7815427,323.9
153903,"2018-03-01 15:22:50",TCS,832912,3033
153904,"2018-03-01 15:22:50",RELCAPITAL,4545541,458.15
153893,"2018-03-01 15:22:49",SUNPHARMA,4101684,534.85
153894,"2018-03-01 15:22:49",RELIANCE,3926889,948.2
153895,"2018-03-01 15:22:49",BPCL,6059733,442.15
153896,"2018-03-01 15:22:49",LT,1863299,1315
153897,"2018-03-01 15:22:49",TCS,832740,3034.3
153891,"2018-03-01 15:22:47",SUNPHARMA,4099807,535
153892,"2018-03-01 15:22:47",TCS,832458,3034.35
153886,"2018-03-01 15:22:46",VEDL,7813275,323.9
153887,"2018-03-01 15:22:46",MARUTI,580201,8875
153888,"2018-03-01 15:22:46",BPCL,6057192,442.4
153889,"2018-03-01 15:22:46",LT,1862463,1315
153890,"2018-03-01 15:22:46",RELCAPITAL,4543962,458
153883,"2018-03-01 15:22:45",SUNPHARMA,4098815,534.65
153884,"2018-03-01 15:22:45",VEDL,7810046,323.8
153885,"2018-03-01 15:22:45",TATAMOTORS,6804675,370.7
153882,"2018-03-01 15:22:44",RELIANCE,3925927,948.2
153880,"2018-03-01 15:22:43",BPCL,6052993,442.4
153881,"2018-03-01 15:22:43",VEDL,7807214,323.9
153878,"2018-03-01 15:22:41",MARUTI,579938,8875
153879,"2018-03-01 15:22:41",BPCL,6051686,442.15
153875,"2018-03-01 15:22:40",BPCL,6049592,442.45
153876,"2018-03-01 15:22:40",RELIANCE,3925083,948.5
153877,"2018-03-01 15:22:40",SUNPHARMA,4097604,535
153872,"2018-03-01 15:22:39",TATAMOTORS,6803160,370.85
153873,"2018-03-01 15:22:39",SUNPHARMA,4094987,534.8
153874,"2018-03-01 15:22:39",LT,1861824,1315
153871,"2018-03-01 15:22:38",TCS,831916,3034.65
153870,"2018-03-01 15:22:37",MARUTI,578952,8879
153869,"2018-03-01 15:22:36",SUNPHARMA,4094065,534.8
153865,"2018-03-01 15:22:34",RELCAPITAL,4543025,458.2
153866,"2018-03-01 15:22:34",RELIANCE,3923713,948.15
153867,"2018-03-01 15:22:34",LT,1861105,1314.75
153868,"2018-03-01 15:22:34",MARUTI,578742,8878
153863,"2018-03-01 15:22:33",VEDL,7804436,323.7
153864,"2018-03-01 15:22:33",LT,1860599,1314.95
153862,"2018-03-01 15:22:32",BPCL,6047766,442.15
153859,"2018-03-01 15:22:31",SUNPHARMA,4092074,535
153860,"2018-03-01 15:22:31",TATAMOTORS,6801287,370.75
153861,"2018-03-01 15:22:31",BPCL,6045579,442.45
153857,"2018-03-01 15:22:30",LT,1859965,1314.95
153858,"2018-03-01 15:22:30",TCS,831741,3034.65
153851,"2018-03-01 15:22:29",SUNPHARMA,4089115,535
153852,"2018-03-01 15:22:29",BPCL,6042838,442.15
153853,"2018-03-01 15:22:29",TATAMOTORS,6799884,370.6
153854,"2018-03-01 15:22:29",RELCAPITAL,4541680,458.2
153855,"2018-03-01 15:22:29",RELIANCE,3922628,948.65
153856,"2018-03-01 15:22:29",VEDL,7802123,323.7
153848,"2018-03-01 15:22:28",LT,1858538,1315
153849,"2018-03-01 15:22:28",BPCL,6037057,442.4
153850,"2018-03-01 15:22:28",RELCAPITAL,4539897,458.2
153846,"2018-03-01 15:22:27",TCS,831572,3034.75
153847,"2018-03-01 15:22:27",RELIANCE,3921127,948.15
153841,"2018-03-01 15:22:26",SUNPHARMA,4087481,534.8
153842,"2018-03-01 15:22:26",BPCL,6034943,442.5
153843,"2018-03-01 15:22:26",VEDL,7798621,323.75
153844,"2018-03-01 15:22:26",MARUTI,578592,8879
153845,"2018-03-01 15:22:26",RELIANCE,3920127,948.15
153838,"2018-03-01 15:22:25",TCS,831391,3035
153839,"2018-03-01 15:22:25",RELIANCE,3917505,948.3
153840,"2018-03-01 15:22:25",TATAMOTORS,6798509,370.6
153836,"2018-03-01 15:22:24",BPCL,6032967,442.4
153837,"2018-03-01 15:22:24",TATAMOTORS,6796794,370.95
153835,"2018-03-01 15:22:23",VEDL,7796669,323.75
153830,"2018-03-01 15:22:22",LT,1858142,1315
153831,"2018-03-01 15:22:22",RELCAPITAL,4538149,458.35
153832,"2018-03-01 15:22:22",RELIANCE,3916554,948
153833,"2018-03-01 15:22:22",BPCL,6030812,442.1
153834,"2018-03-01 15:22:22",SUNPHARMA,4086382,535
153828,"2018-03-01 15:22:21",MARUTI,578426,8879
153829,"2018-03-01 15:22:21",TATAMOTORS,6795106,370.65
153827,"2018-03-01 15:22:20",VEDL,7793759,323.7
153825,"2018-03-01 15:22:18",SUNPHARMA,4085283,535
153826,"2018-03-01 15:22:18",TCS,831093,3035
153823,"2018-03-01 15:22:16",MARUTI,578265,8878.95
153824,"2018-03-01 15:22:16",RELIANCE,3914381,948.3
153819,"2018-03-01 15:22:15",TATAMOTORS,6793233,370.85
153820,"2018-03-01 15:22:15",TCS,830900,3035
153821,"2018-03-01 15:22:15",BPCL,6029205,442.25
153822,"2018-03-01 15:22:15",SUNPHARMA,4083755,534.55
153818,"2018-03-01 15:22:14",VEDL,7790617,323.8
153816,"2018-03-01 15:22:12",LT,1857759,1314.95
153817,"2018-03-01 15:22:12",TCS,830682,3035
153814,"2018-03-01 15:22:11",RELIANCE,3913102,948.2
153815,"2018-03-01 15:22:11",MARUTI,577935,8881.2
153812,"2018-03-01 15:22:10",RELCAPITAL,4536842,458.45
153813,"2018-03-01 15:22:10",TATAMOTORS,6791261,370.95
153811,"2018-03-01 15:22:09",VEDL,7786960,323.7
153808,"2018-03-01 15:22:08",BPCL,6026881,442.25
153809,"2018-03-01 15:22:08",SUNPHARMA,4082570,534.6
153810,"2018-03-01 15:22:08",MARUTI,577809,8879
153805,"2018-03-01 15:22:06",VEDL,7782981,323.7
153806,"2018-03-01 15:22:06",RELCAPITAL,4535874,458.6
153807,"2018-03-01 15:22:06",LT,1857329,1315
153803,"2018-03-01 15:22:05",RELIANCE,3912282,948.2
153804,"2018-03-01 15:22:05",TCS,830293,3034.95
153799,"2018-03-01 15:22:04",TCS,830043,3034.05
153800,"2018-03-01 15:22:04",RELIANCE,3906786,948.25
153801,"2018-03-01 15:22:04",SUNPHARMA,4080951,534.7
153802,"2018-03-01 15:22:04",VEDL,7780982,323.65
153798,"2018-03-01 15:22:02",BPCL,6025476,442.4
153796,"2018-03-01 15:21:59",MARUTI,577626,8879.4
153797,"2018-03-01 15:21:59",RELCAPITAL,4534443,458.3
153795,"2018-03-01 15:21:58",VEDL,7778816,323.65
153794,"2018-03-01 15:21:57",RELIANCE,3904321,947.85
153792,"2018-03-01 15:21:56",RELIANCE,3902321,948.5
153793,"2018-03-01 15:21:56",SUNPHARMA,4080053,535
153787,"2018-03-01 15:21:55",TCS,829512,3034
153788,"2018-03-01 15:21:55",BPCL,6024203,442.3
153789,"2018-03-01 15:21:55",MARUTI,577496,8879.45
153790,"2018-03-01 15:21:55",RELIANCE,3901253,948.3
153791,"2018-03-01 15:21:55",LT,1856881,1315
153785,"2018-03-01 15:21:53",TATAMOTORS,6788600,370.8
153786,"2018-03-01 15:21:53",RELIANCE,3900077,948.45
153783,"2018-03-01 15:21:52",TCS,829329,3034
153784,"2018-03-01 15:21:52",RELIANCE,3898767,948.3
153781,"2018-03-01 15:21:50",RELCAPITAL,4531355,457.75
153782,"2018-03-01 15:21:50",SUNPHARMA,4077581,534.7
153780,"2018-03-01 15:21:49",LT,1856508,1315
153777,"2018-03-01 15:21:47",MARUTI,577355,8879.4
153778,"2018-03-01 15:21:47",TCS,829084,3034.8
153779,"2018-03-01 15:21:47",RELIANCE,3897148,948
153774,"2018-03-01 15:21:46",LT,1855336,1315
153775,"2018-03-01 15:21:46",VEDL,7777198,323.75
153776,"2018-03-01 15:21:46",MARUTI,577193,8879.95
153773,"2018-03-01 15:21:45",BPCL,6022960,442.1
153771,"2018-03-01 15:21:44",RELIANCE,3896232,947.7
153772,"2018-03-01 15:21:44",TATAMOTORS,6787176,371
153770,"2018-03-01 15:21:41",SUNPHARMA,4076718,534.75
153767,"2018-03-01 15:21:39",RELCAPITAL,4530332,457.5
153768,"2018-03-01 15:21:39",TCS,828897,3036.7
153769,"2018-03-01 15:21:39",BPCL,6021653,442.05
153764,"2018-03-01 15:21:38",MARUTI,577065,8879
153765,"2018-03-01 15:21:38",VEDL,7775587,324
153766,"2018-03-01 15:21:38",SUNPHARMA,4075813,534.95
153762,"2018-03-01 15:21:37",TCS,828655,3035.7
153763,"2018-03-01 15:21:37",RELIANCE,3895320,947.75
153760,"2018-03-01 15:21:35",TATAMOTORS,6779169,370.9
153761,"2018-03-01 15:21:35",RELCAPITAL,4529239,457.85
153758,"2018-03-01 15:21:34",BPCL,6020392,442.4
153759,"2018-03-01 15:21:34",RELIANCE,3894039,947.75
153756,"2018-03-01 15:21:33",MARUTI,576948,8880
153757,"2018-03-01 15:21:33",LT,1854780,1315
153754,"2018-03-01 15:21:32",TATAMOTORS,6777744,370.9
153755,"2018-03-01 15:21:32",SUNPHARMA,4074092,534.7
153750,"2018-03-01 15:21:31",MARUTI,576805,8879
153751,"2018-03-01 15:21:31",TCS,828461,3036.5
153752,"2018-03-01 15:21:31",BPCL,6018926,442.35
153753,"2018-03-01 15:21:31",VEDL,7773549,324
153749,"2018-03-01 15:21:30",RELCAPITAL,4528177,458.15
153746,"2018-03-01 15:21:29",BPCL,6014798,442.35
153747,"2018-03-01 15:21:29",TATAMOTORS,6773796,370.6
153748,"2018-03-01 15:21:29",BPCL,6016610,442.35
153742,"2018-03-01 15:21:28",BPCL,6012566,442.05
153743,"2018-03-01 15:21:28",SUNPHARMA,4072925,534.95
153744,"2018-03-01 15:21:28",RELIANCE,3893172,947.75
153745,"2018-03-01 15:21:28",MARUTI,576687,8879
153737,"2018-03-01 15:21:27",RELIANCE,3891966,947.75
153738,"2018-03-01 15:21:27",LT,1854272,1315
153739,"2018-03-01 15:21:27",VEDL,7771266,323.9
153740,"2018-03-01 15:21:27",TATAMOTORS,6772110,370.9
153741,"2018-03-01 15:21:27",TCS,828294,3036.95
153735,"2018-03-01 15:21:26",RELIANCE,3891047,947.85
153736,"2018-03-01 15:21:26",BPCL,6006911,442
153734,"2018-03-01 15:21:24",TCS,827964,3035.55
153731,"2018-03-01 15:21:23",TATAMOTORS,6770088,370.75
153732,"2018-03-01 15:21:23",RELCAPITAL,4527271,458.2
153733,"2018-03-01 15:21:23",RELIANCE,3890110,947.75
153729,"2018-03-01 15:21:22",SUNPHARMA,4071757,534.75
153730,"2018-03-01 15:21:22",MARUTI,576422,8879.35
153728,"2018-03-01 15:21:21",TCS,827782,3035.45
153725,"2018-03-01 15:21:20",RELCAPITAL,4522539,458.1
153726,"2018-03-01 15:21:20",LT,1853822,1315
153727,"2018-03-01 15:21:20",TCS,827321,3035
153724,"2018-03-01 15:21:19",RELCAPITAL,4520069,458.45
153719,"2018-03-01 15:21:16",SUNPHARMA,4070840,534.75
153720,"2018-03-01 15:21:16",LT,1852921,1315
153721,"2018-03-01 15:21:16",BPCL,6004918,442.35
153722,"2018-03-01 15:21:16",VEDL,7767887,323.85
153723,"2018-03-01 15:21:16",RELIANCE,3889328,947.6
153717,"2018-03-01 15:21:14",MARUTI,576297,8878.95
153718,"2018-03-01 15:21:14",TCS,826605,3034.15
153715,"2018-03-01 15:21:12",RELCAPITAL,4518615,458.5
153716,"2018-03-01 15:21:12",TATAMOTORS,6768602,370.7
153712,"2018-03-01 15:21:11",LT,1852466,1315
153713,"2018-03-01 15:21:11",BPCL,6002879,442.5
153714,"2018-03-01 15:21:11",VEDL,7765349,323.5
153709,"2018-03-01 15:21:10",VEDL,7763175,323.55
153710,"2018-03-01 15:21:10",BPCL,6001571,442.5
153711,"2018-03-01 15:21:10",SUNPHARMA,4069756,534.75
153705,"2018-03-01 15:21:09",TCS,826355,3034.25
153706,"2018-03-01 15:21:09",RELCAPITAL,4517366,458.45
153707,"2018-03-01 15:21:09",RELIANCE,3888485,947.55
153708,"2018-03-01 15:21:09",SUNPHARMA,4068352,534.95
153702,"2018-03-01 15:21:07",LT,1851864,1315
153703,"2018-03-01 15:21:07",TATAMOTORS,6767182,370.9
153704,"2018-03-01 15:21:07",BPCL,5997305,442.25
153701,"2018-03-01 15:21:05",TCS,826183,3034.3
153700,"2018-03-01 15:21:04",VEDL,7760333,323.5
153697,"2018-03-01 15:21:03",MARUTI,576157,8879
153698,"2018-03-01 15:21:03",TCS,826016,3034
153699,"2018-03-01 15:21:03",SUNPHARMA,4067368,534.75
153695,"2018-03-01 15:21:02",LT,1851476,1315
153696,"2018-03-01 15:21:02",RELCAPITAL,4516355,458.8
153691,"2018-03-01 15:21:01",LT,1851065,1315
153692,"2018-03-01 15:21:01",BPCL,5995966,442.1
153693,"2018-03-01 15:21:01",TCS,825781,3034
153694,"2018-03-01 15:21:01",RELIANCE,3887161,947.55
153689,"2018-03-01 15:20:59",TATAMOTORS,6765821,370.8
153690,"2018-03-01 15:20:59",SUNPHARMA,4066173,534.85
153686,"2018-03-01 15:20:58",MARUTI,576027,8877.5
153687,"2018-03-01 15:20:58",VEDL,7758479,323.6
153688,"2018-03-01 15:20:58",RELCAPITAL,4515314,458.5
153683,"2018-03-01 15:20:56",TCS,825594,3034.9
153684,"2018-03-01 15:20:56",RELIANCE,3885672,947.5
153685,"2018-03-01 15:20:56",SUNPHARMA,4065275,534.7
153681,"2018-03-01 15:20:55",LT,1850634,1314.95
153682,"2018-03-01 15:20:55",MARUTI,575819,8877.5
153680,"2018-03-01 15:20:54",VEDL,7756806,323.5
153678,"2018-03-01 15:20:53",RELCAPITAL,4514406,458.7
153679,"2018-03-01 15:20:53",TCS,825411,3034
153674,"2018-03-01 15:20:52",RELIANCE,3884682,947.6
153675,"2018-03-01 15:20:52",MARUTI,575517,8878
153676,"2018-03-01 15:20:52",TATAMOTORS,6764050,370.7
153677,"2018-03-01 15:20:52",TCS,825007,3034.1
153672,"2018-03-01 15:20:51",BPCL,5993047,442.25
153673,"2018-03-01 15:20:51",VEDL,7754862,323.55
153670,"2018-03-01 15:20:50",TCS,824814,3034.85
153671,"2018-03-01 15:20:50",SUNPHARMA,4063730,534.7
153667,"2018-03-01 15:20:49",RELCAPITAL,4511419,458.95
153668,"2018-03-01 15:20:49",TATAMOTORS,6761692,370.8
153669,"2018-03-01 15:20:49",TCS,824597,3035
153666,"2018-03-01 15:20:48",TCS,824283,3035
153659,"2018-03-01 15:20:47",BPCL,5990899,442.3
153660,"2018-03-01 15:20:47",TATAMOTORS,6760173,370.75
153661,"2018-03-01 15:20:47",RELIANCE,3883887,947.6
153662,"2018-03-01 15:20:47",SUNPHARMA,4062632,535.2
153663,"2018-03-01 15:20:47",LT,1850103,1314.95
153664,"2018-03-01 15:20:47",VEDL,7750077,323.5
153665,"2018-03-01 15:20:47",TCS,823684,3035
153657,"2018-03-01 15:20:46",LT,1849313,1315
153658,"2018-03-01 15:20:46",BPCL,5987782,442
153654,"2018-03-01 15:20:45",BPCL,5984784,442.2
153655,"2018-03-01 15:20:45",TATAMOTORS,6757999,370.85
153656,"2018-03-01 15:20:45",TCS,823502,3035.7
153651,"2018-03-01 15:20:44",SUNPHARMA,4060596,534.7
153652,"2018-03-01 15:20:44",LT,1842667,1315
153653,"2018-03-01 15:20:44",RELCAPITAL,4507014,458.5
153649,"2018-03-01 15:20:43",BPCL,5983221,442.25
153650,"2018-03-01 15:20:43",RELCAPITAL,4500800,458
153645,"2018-03-01 15:20:41",MARUTI,575397,8877.5
153646,"2018-03-01 15:20:41",TATAMOTORS,6756303,370.85
153647,"2018-03-01 15:20:41",SUNPHARMA,4059368,534.75
153648,"2018-03-01 15:20:41",RELCAPITAL,4498329,458.35
153643,"2018-03-01 15:20:40",BPCL,5981935,442.35
153644,"2018-03-01 15:20:40",RELIANCE,3882838,947.55
153640,"2018-03-01 15:20:39",VEDL,7747343,323.55
153641,"2018-03-01 15:20:39",TCS,823075,3036.5
153642,"2018-03-01 15:20:39",SUNPHARMA,4057360,535
153637,"2018-03-01 15:20:38",TATAMOTORS,6754768,370.7
153638,"2018-03-01 15:20:38",RELCAPITAL,4497160,458.3
153639,"2018-03-01 15:20:38",SUNPHARMA,4056388,535
153636,"2018-03-01 15:20:36",MARUTI,575256,8878
153633,"2018-03-01 15:20:35",SUNPHARMA,4054469,534.5
153634,"2018-03-01 15:20:35",LT,1842293,1315
153635,"2018-03-01 15:20:35",RELIANCE,3881843,947.5
153632,"2018-03-01 15:20:34",RELCAPITAL,4496155,458.4
153630,"2018-03-01 15:20:33",MARUTI,575131,8878
153631,"2018-03-01 15:20:33",TCS,822811,3036.6
153629,"2018-03-01 15:20:32",SUNPHARMA,4053616,534.4
153626,"2018-03-01 15:20:31",BPCL,5976745,441.9
153627,"2018-03-01 15:20:31",LT,1841642,1315
153628,"2018-03-01 15:20:31",VEDL,7743041,323.3
153625,"2018-03-01 15:20:30",TATAMOTORS,6750203,370.7
153623,"2018-03-01 15:20:29",BPCL,5975276,442
153624,"2018-03-01 15:20:29",RELIANCE,3880822,947.5
153621,"2018-03-01 15:20:28",RELCAPITAL,4495075,458
153622,"2018-03-01 15:20:28",VEDL,7740764,323.25
153618,"2018-03-01 15:20:27",SUNPHARMA,4052439,534.75
153619,"2018-03-01 15:20:27",RELIANCE,3879521,947.6
153620,"2018-03-01 15:20:27",TCS,822635,3036.6
153615,"2018-03-01 15:20:26",BPCL,5971629,442.2
153616,"2018-03-01 15:20:26",MARUTI,574989,8878
153617,"2018-03-01 15:20:26",TATAMOTORS,6748738,370.8
153614,"2018-03-01 15:20:25",VEDL,7739008,323.3
153611,"2018-03-01 15:20:24",TCS,822329,3036.55
153612,"2018-03-01 15:20:24",SUNPHARMA,4051501,534.95
153613,"2018-03-01 15:20:24",LT,1841244,1315
153610,"2018-03-01 15:20:22",RELIANCE,3877674,947.6
153607,"2018-03-01 15:20:21",MARUTI,574832,8878.25
153608,"2018-03-01 15:20:21",TATAMOTORS,6746736,370.7
153609,"2018-03-01 15:20:21",RELCAPITAL,4493064,458
153603,"2018-03-01 15:20:20",MARUTI,574608,8878.1
153604,"2018-03-01 15:20:20",RELCAPITAL,4490898,458.1
153605,"2018-03-01 15:20:20",SUNPHARMA,4050332,534.55
153606,"2018-03-01 15:20:20",BPCL,5970397,442.25
153602,"2018-03-01 15:20:19",LT,1840622,1314.9
153597,"2018-03-01 15:20:17",LT,1840072,1315
153598,"2018-03-01 15:20:17",RELCAPITAL,4489861,458.3
153599,"2018-03-01 15:20:17",TCS,822159,3036.6
153600,"2018-03-01 15:20:17",BPCL,5969152,442.15
153601,"2018-03-01 15:20:17",MARUTI,574483,8877.4
153593,"2018-03-01 15:20:15",SUNPHARMA,4049001,534.65
153594,"2018-03-01 15:20:15",VEDL,7737269,323.35
153595,"2018-03-01 15:20:15",BPCL,5967201,441.9
153596,"2018-03-01 15:20:15",MARUTI,574296,8877.4
153591,"2018-03-01 15:20:14",RELCAPITAL,4488928,458.05
153592,"2018-03-01 15:20:14",RELIANCE,3876261,947.75
153590,"2018-03-01 15:20:13",TCS,821993,3037.95
153588,"2018-03-01 15:20:12",RELCAPITAL,4487329,458.3
153589,"2018-03-01 15:20:12",BPCL,5965064,442
153586,"2018-03-01 15:20:11",SUNPHARMA,4046337,534.85
153587,"2018-03-01 15:20:11",TATAMOTORS,6745310,370.75
153583,"2018-03-01 15:20:10",MARUTI,574127,8878.9
153584,"2018-03-01 15:20:10",RELCAPITAL,4486344,458.3
153585,"2018-03-01 15:20:10",LT,1839421,1314.95
153580,"2018-03-01 15:20:09",MARUTI,573730,8878
153581,"2018-03-01 15:20:09",TATAMOTORS,6742841,370.85
153582,"2018-03-01 15:20:09",RELIANCE,3874962,947.5
153574,"2018-03-01 15:20:08",RELIANCE,3873902,947.65
153575,"2018-03-01 15:20:08",SUNPHARMA,4045507,534.85
153576,"2018-03-01 15:20:08",LT,1838787,1314.9
153577,"2018-03-01 15:20:08",BPCL,5962795,442.25
153578,"2018-03-01 15:20:08",MARUTI,573615,8878
153579,"2018-03-01 15:20:08",TCS,821732,3038
153573,"2018-03-01 15:20:07",LT,1838290,1315
153571,"2018-03-01 15:20:06",RELCAPITAL,4484945,458.4
153572,"2018-03-01 15:20:06",VEDL,7734064,323.3
153568,"2018-03-01 15:20:05",MARUTI,573460,8879
153569,"2018-03-01 15:20:05",LT,1834416,1314.95
153570,"2018-03-01 15:20:05",TCS,821395,3036.5
153566,"2018-03-01 15:20:03",TCS,821164,3037.35
153567,"2018-03-01 15:20:03",BPCL,5961281,442.05
153565,"2018-03-01 15:20:02",RELIANCE,3871715,948.1
153563,"2018-03-01 15:20:00",TATAMOTORS,6739963,370.9
153564,"2018-03-01 15:20:00",TCS,820967,3037.95
153559,"2018-03-01 15:19:58",TATAMOTORS,6738510,370.8
153560,"2018-03-01 15:19:58",RELCAPITAL,4481920,458
153561,"2018-03-01 15:19:58",RELIANCE,3870188,948
153562,"2018-03-01 15:19:58",SUNPHARMA,4044050,535
153556,"2018-03-01 15:19:57",TCS,820661,3037.3
153557,"2018-03-01 15:19:57",SUNPHARMA,4042272,534.95
153558,"2018-03-01 15:19:57",LT,1833498,1314.85
153553,"2018-03-01 15:19:56",MARUTI,573267,8879.15
153554,"2018-03-01 15:19:56",BPCL,5959903,442
153555,"2018-03-01 15:19:56",TCS,820492,3038
153551,"2018-03-01 15:19:55",LT,1831372,1315
153552,"2018-03-01 15:19:55",RELIANCE,3868973,948.1
153550,"2018-03-01 15:19:54",SUNPHARMA,4041313,534.9
153549,"2018-03-01 15:19:52",TCS,820300,3037.85
153546,"2018-03-01 15:19:51",TATAMOTORS,6736421,370.85
153547,"2018-03-01 15:19:51",BPCL,5958215,442.25
153548,"2018-03-01 15:19:51",VEDL,7732424,323.4
153545,"2018-03-01 15:19:50",RELCAPITAL,4480445,457.9
153544,"2018-03-01 15:19:49",SUNPHARMA,4040462,534.9
153541,"2018-03-01 15:19:48",RELCAPITAL,4479295,458
153542,"2018-03-01 15:19:48",BPCL,5956854,442
153543,"2018-03-01 15:19:48",VEDL,7723383,323.25
153537,"2018-03-01 15:19:47",RELIANCE,3867914,948.2
153538,"2018-03-01 15:19:47",TCS,820109,3039.55
153539,"2018-03-01 15:19:47",MARUTI,573106,8877
153540,"2018-03-01 15:19:47",LT,1830948,1315
153536,"2018-03-01 15:19:44",RELIANCE,3865090,948.15
153533,"2018-03-01 15:19:43",SUNPHARMA,4038809,534.9
153534,"2018-03-01 15:19:43",VEDL,7719297,323.25
153535,"2018-03-01 15:19:43",TATAMOTORS,6734963,370.9
153530,"2018-03-01 15:19:40",MARUTI,572965,8879.9
153531,"2018-03-01 15:19:40",LT,1829931,1315
153532,"2018-03-01 15:19:40",TCS,819925,3039.95
153529,"2018-03-01 15:19:39",SUNPHARMA,4036754,534.7
153527,"2018-03-01 15:19:38",BPCL,5955653,442
153528,"2018-03-01 15:19:38",RELIANCE,3863868,948.25
153525,"2018-03-01 15:19:37",TATAMOTORS,6732837,370.7
153526,"2018-03-01 15:19:37",RELCAPITAL,4476953,458
153523,"2018-03-01 15:19:35",MARUTI,572823,8879
153524,"2018-03-01 15:19:35",SUNPHARMA,4035896,534.5
153520,"2018-03-01 15:19:34",RELIANCE,3862918,948
153521,"2018-03-01 15:19:34",BPCL,5954451,442
153522,"2018-03-01 15:19:34",VEDL,7716522,323.25
153519,"2018-03-01 15:19:33",LT,1829505,1314.95
153517,"2018-03-01 15:19:31",BPCL,5952768,442.1
153518,"2018-03-01 15:19:31",MARUTI,572545,8877.9
153514,"2018-03-01 15:19:30",TATAMOTORS,6730847,370.65
153515,"2018-03-01 15:19:30",RELCAPITAL,4475673,457.9
153516,"2018-03-01 15:19:30",RELIANCE,3861288,948.25
153511,"2018-03-01 15:19:29",TCS,819673,3040
153512,"2018-03-01 15:19:29",TATAMOTORS,6729165,370.8
153513,"2018-03-01 15:19:29",LT,1828914,1314.95
153508,"2018-03-01 15:19:28",RELIANCE,3859710,948.25
153509,"2018-03-01 15:19:28",VEDL,7712680,323.15
153510,"2018-03-01 15:19:28",SUNPHARMA,4034906,534.5
153507,"2018-03-01 15:19:27",VEDL,7710768,323.05
153506,"2018-03-01 15:19:26",RELIANCE,3857111,948
153503,"2018-03-01 15:19:24",LT,1828545,1314.95
153504,"2018-03-01 15:19:24",VEDL,7709019,323.15
153505,"2018-03-01 15:19:24",MARUTI,572359,8876
153501,"2018-03-01 15:19:23",BPCL,5950537,441.85
153502,"2018-03-01 15:19:23",TATAMOTORS,6727347,370.65
153500,"2018-03-01 15:19:22",SUNPHARMA,4034049,534.3
153498,"2018-03-01 15:19:21",RELCAPITAL,4474623,457.9
153499,"2018-03-01 15:19:21",TCS,819449,3039.15
153496,"2018-03-01 15:19:20",MARUTI,572085,8876.65
153497,"2018-03-01 15:19:20",BPCL,5949245,442
153495,"2018-03-01 15:19:19",LT,1828152,1315
153493,"2018-03-01 15:19:18",BPCL,5947865,442
153494,"2018-03-01 15:19:18",SUNPHARMA,4032870,534.3
153492,"2018-03-01 15:19:17",RELIANCE,3853282,948.15
153489,"2018-03-01 15:19:16",SUNPHARMA,4031004,534.5
153490,"2018-03-01 15:19:16",VEDL,7707341,323.25
153491,"2018-03-01 15:19:16",TCS,819268,3039.25
153488,"2018-03-01 15:19:15",TATAMOTORS,6725350,370.8
153486,"2018-03-01 15:19:14",BPCL,5946570,442.15
153487,"2018-03-01 15:19:14",MARUTI,571957,8875
153485,"2018-03-01 15:19:12",VEDL,7703692,323.25
153482,"2018-03-01 15:19:11",LT,1826846,1315
153483,"2018-03-01 15:19:11",RELIANCE,3850768,948.3
153484,"2018-03-01 15:19:11",MARUTI,571829,8878
153480,"2018-03-01 15:19:10",RELCAPITAL,4473614,457.65
153481,"2018-03-01 15:19:10",SUNPHARMA,4029943,534.1
153479,"2018-03-01 15:19:09",TCS,819018,3038.95
153478,"2018-03-01 15:19:08",BPCL,5943230,442
153475,"2018-03-01 15:19:07",VEDL,7702112,323.3
153476,"2018-03-01 15:19:07",MARUTI,571321,8875
153477,"2018-03-01 15:19:07",TATAMOTORS,6723599,370.75
153474,"2018-03-01 15:19:06",RELIANCE,3849852,948.5
153473,"2018-03-01 15:19:05",RELIANCE,3847704,948
153471,"2018-03-01 15:19:04",RELCAPITAL,4471463,458
153472,"2018-03-01 15:19:04",SUNPHARMA,4028831,534.25
153469,"2018-03-01 15:19:03",LT,1826454,1314.95
153470,"2018-03-01 15:19:03",TCS,818818,3037.7
153467,"2018-03-01 15:19:02",MARUTI,571165,8875
153468,"2018-03-01 15:19:02",BPCL,5941023,442.05
153466,"2018-03-01 15:19:01",RELCAPITAL,4470337,457.6
153465,"2018-03-01 15:19:00",TCS,818641,3038.95
153463,"2018-03-01 15:18:59",VEDL,7700528,323.1
153464,"2018-03-01 15:18:59",RELIANCE,3846925,947.9
153462,"2018-03-01 15:18:58",SUNPHARMA,4027869,534.25
153461,"2018-03-01 15:18:57",TCS,818336,3038.85
153457,"2018-03-01 15:18:56",TATAMOTORS,6722103,370.45
153458,"2018-03-01 15:18:56",VEDL,7698841,323.1
153459,"2018-03-01 15:18:56",LT,1825757,1314.95
153460,"2018-03-01 15:18:56",BPCL,5939343,442.05
153455,"2018-03-01 15:18:55",RELCAPITAL,4469021,457.4
153456,"2018-03-01 15:18:55",SUNPHARMA,4026836,534
153453,"2018-03-01 15:18:54",MARUTI,571027,8875
153454,"2018-03-01 15:18:54",RELIANCE,3845356,947.8
153449,"2018-03-01 15:18:53",BPCL,5937646,442.25
153450,"2018-03-01 15:18:53",VEDL,7697172,323.1
153451,"2018-03-01 15:18:53",SUNPHARMA,4025529,534
153452,"2018-03-01 15:18:53",LT,1825374,1315
153448,"2018-03-01 15:18:52",TCS,818094,3038.05
153447,"2018-03-01 15:18:51",BPCL,5935816,442
153442,"2018-03-01 15:18:50",BPCL,5933683,442.2
153443,"2018-03-01 15:18:50",TCS,817909,3037.8
153444,"2018-03-01 15:18:50",LT,1823789,1314.95
153445,"2018-03-01 15:18:50",RELCAPITAL,4467437,457.3
153446,"2018-03-01 15:18:50",RELIANCE,3844381,947.7
153440,"2018-03-01 15:18:49",TATAMOTORS,6720573,370.45
153441,"2018-03-01 15:18:49",RELCAPITAL,4466163,457.3
153435,"2018-03-01 15:18:47",BPCL,5931552,442.15
153436,"2018-03-01 15:18:47",VEDL,7695563,323.15
153437,"2018-03-01 15:18:47",SUNPHARMA,4024677,534.65
153438,"2018-03-01 15:18:47",TATAMOTORS,6714622,370.75
153439,"2018-03-01 15:18:47",TCS,817718,3038.1
153432,"2018-03-01 15:18:46",MARUTI,570899,8875
153433,"2018-03-01 15:18:46",RELCAPITAL,4464898,457.5
153434,"2018-03-01 15:18:46",LT,1823396,1315
153429,"2018-03-01 15:18:44",TATAMOTORS,6712718,370.6
153430,"2018-03-01 15:18:44",SUNPHARMA,4023164,534.75
153431,"2018-03-01 15:18:44",LT,1822706,1314.95
153427,"2018-03-01 15:18:43",LT,1822168,1315
153428,"2018-03-01 15:18:43",TCS,817386,3038.05
153424,"2018-03-01 15:18:42",MARUTI,570741,8875
153425,"2018-03-01 15:18:42",RELCAPITAL,4463756,456.9
153426,"2018-03-01 15:18:42",SUNPHARMA,4021691,534.45
153421,"2018-03-01 15:18:41",MARUTI,570544,8877
153422,"2018-03-01 15:18:41",RELCAPITAL,4462106,457
153423,"2018-03-01 15:18:41",RELIANCE,3843340,947.7
153417,"2018-03-01 15:18:40",BPCL,5930350,441.95
153418,"2018-03-01 15:18:40",VEDL,7693702,323.1
153419,"2018-03-01 15:18:40",SUNPHARMA,4020364,534.65
153420,"2018-03-01 15:18:40",TATAMOTORS,6710379,370.55
153415,"2018-03-01 15:18:39",TCS,817187,3039.2
153416,"2018-03-01 15:18:39",LT,1821695,1315
153411,"2018-03-01 15:18:38",MARUTI,570338,8875
153412,"2018-03-01 15:18:38",RELCAPITAL,4460773,457.1
153413,"2018-03-01 15:18:38",RELIANCE,3842530,947.85
153414,"2018-03-01 15:18:38",SUNPHARMA,4019037,534.3
153408,"2018-03-01 15:18:37",LT,1820875,1315
153409,"2018-03-01 15:18:37",TATAMOTORS,6708846,370.6
153410,"2018-03-01 15:18:37",VEDL,7688308,323.05
153406,"2018-03-01 15:18:36",BPCL,5929005,441.9
153407,"2018-03-01 15:18:36",RELCAPITAL,4459231,457.3
153404,"2018-03-01 15:18:35",SUNPHARMA,4018121,534.65
153405,"2018-03-01 15:18:35",TCS,816980,3038.1
153401,"2018-03-01 15:18:34",SUNPHARMA,4017157,534.55
153402,"2018-03-01 15:18:34",BPCL,5927674,441.9
153403,"2018-03-01 15:18:34",MARUTI,570135,8875.8
153399,"2018-03-01 15:18:33",TCS,816752,3039.35
153400,"2018-03-01 15:18:33",RELIANCE,3841568,947.85
153396,"2018-03-01 15:18:32",VEDL,7686389,323
153397,"2018-03-01 15:18:32",SUNPHARMA,4016117,534.15
153398,"2018-03-01 15:18:32",LT,1819402,1315
153394,"2018-03-01 15:18:31",BPCL,5926448,442.05
153395,"2018-03-01 15:18:31",VEDL,7684522,323
153391,"2018-03-01 15:18:30",RELIANCE,3840343,947.95
153392,"2018-03-01 15:18:30",TATAMOTORS,6707500,370.55
153393,"2018-03-01 15:18:30",RELCAPITAL,4457521,457.3
153390,"2018-03-01 15:18:29",MARUTI,570017,8875
153387,"2018-03-01 15:18:28",SUNPHARMA,4014794,534.35
153388,"2018-03-01 15:18:28",LT,1818708,1315
153389,"2018-03-01 15:18:28",RELCAPITAL,4455671,457.6
153384,"2018-03-01 15:18:27",TCS,816485,3039.35
153385,"2018-03-01 15:18:27",MARUTI,569877,8875
153386,"2018-03-01 15:18:27",TATAMOTORS,6705663,370.45
153380,"2018-03-01 15:18:26",RELCAPITAL,4453728,457.45
153381,"2018-03-01 15:18:26",VEDL,7680521,323.05
153382,"2018-03-01 15:18:26",MARUTI,569763,8875
153383,"2018-03-01 15:18:26",RELIANCE,3839492,948
153375,"2018-03-01 15:18:25",RELIANCE,3835383,947.85
153376,"2018-03-01 15:18:25",BPCL,5924868,441.75
153377,"2018-03-01 15:18:25",VEDL,7676698,323.35
153378,"2018-03-01 15:18:25",SUNPHARMA,4012899,534.3
153379,"2018-03-01 15:18:25",LT,1818305,1315
153373,"2018-03-01 15:18:24",RELCAPITAL,4452408,457.55
153374,"2018-03-01 15:18:24",BPCL,5921498,441.9
153370,"2018-03-01 15:18:23",BPCL,5919775,441.9
153371,"2018-03-01 15:18:23",MARUTI,569112,8873
153372,"2018-03-01 15:18:23",TCS,816224,3038.5
153367,"2018-03-01 15:18:22",SUNPHARMA,4009612,534.45
153368,"2018-03-01 15:18:22",TATAMOTORS,6704246,370.45
153369,"2018-03-01 15:18:22",BPCL,5918351,441.9
153366,"2018-03-01 15:18:21",RELCAPITAL,4450235,457.75
153363,"2018-03-01 15:18:20",MARUTI,568960,8870.15
153364,"2018-03-01 15:18:20",TATAMOTORS,6702889,370.45
153365,"2018-03-01 15:18:20",SUNPHARMA,4007862,534.85
153362,"2018-03-01 15:18:19",TATAMOTORS,6699669,370.55
153358,"2018-03-01 15:18:17",LT,1817402,1315
153359,"2018-03-01 15:18:17",BPCL,5912825,441.95
153360,"2018-03-01 15:18:17",TATAMOTORS,6696009,370.6
153361,"2018-03-01 15:18:17",VEDL,7674391,323.4
153352,"2018-03-01 15:18:16",VEDL,7672546,323.4
153353,"2018-03-01 15:18:16",TATAMOTORS,6691008,370.65
153354,"2018-03-01 15:18:16",RELCAPITAL,4449316,457.65
153355,"2018-03-01 15:18:16",MARUTI,568799,8872
153356,"2018-03-01 15:18:16",RELIANCE,3834413,948
153357,"2018-03-01 15:18:16",SUNPHARMA,4005439,534.8
153351,"2018-03-01 15:18:15",TCS,816045,3038.95
153349,"2018-03-01 15:18:14",VEDL,7670917,323.4
153350,"2018-03-01 15:18:14",SUNPHARMA,4004543,534.7
153347,"2018-03-01 15:18:13",RELCAPITAL,4447215,457.5
153348,"2018-03-01 15:18:13",LT,1816211,1315
153346,"2018-03-01 15:18:12",RELCAPITAL,4444866,457.5
153344,"2018-03-01 15:18:11",TCS,815714,3037.1
153345,"2018-03-01 15:18:11",RELIANCE,3832004,947.65
153340,"2018-03-01 15:18:10",BPCL,5908757,441.9
153341,"2018-03-01 15:18:10",VEDL,7668285,323.25
153342,"2018-03-01 15:18:10",RELCAPITAL,4442748,457.45
153343,"2018-03-01 15:18:10",MARUTI,568534,8868.6
153338,"2018-03-01 15:18:09",TATAMOTORS,6689317,370.55
153339,"2018-03-01 15:18:09",LT,1815271,1315
153337,"2018-03-01 15:18:07",RELIANCE,3831211,947.55
153334,"2018-03-01 15:18:06",BPCL,5906427,441.95
153335,"2018-03-01 15:18:06",TCS,815542,3038.35
153336,"2018-03-01 15:18:06",SUNPHARMA,4002262,534.7
153331,"2018-03-01 15:18:05",LT,1814662,1314.95
153332,"2018-03-01 15:18:05",MARUTI,568389,8867.8
153333,"2018-03-01 15:18:05",TATAMOTORS,6687974,370.6
153330,"2018-03-01 15:18:04",RELCAPITAL,4441531,457.4
153327,"2018-03-01 15:18:03",TCS,815261,3037.3
153328,"2018-03-01 15:18:03",VEDL,7666471,323.15
153329,"2018-03-01 15:18:03",BPCL,5904302,441.95
153324,"2018-03-01 15:18:02",TATAMOTORS,6686332,370.5
153325,"2018-03-01 15:18:02",SUNPHARMA,4000412,534.5
153326,"2018-03-01 15:18:02",LT,1813024,1315
153320,"2018-03-01 15:18:01",RELIANCE,3830390,947.45
153321,"2018-03-01 15:18:01",LT,1812490,1315
153322,"2018-03-01 15:18:01",VEDL,7664334,323.05
153323,"2018-03-01 15:18:01",TCS,815086,3038.1
153319,"2018-03-01 15:18:00",LT,1810314,1315
153317,"2018-03-01 15:17:59",MARUTI,568255,8865.45
153318,"2018-03-01 15:17:59",TCS,814784,3037.3
153314,"2018-03-01 15:17:58",SUNPHARMA,3999133,534.25
153315,"2018-03-01 15:17:58",BPCL,5903119,442
153316,"2018-03-01 15:17:58",VEDL,7661410,323
153311,"2018-03-01 15:17:57",SUNPHARMA,3998231,534.1
153312,"2018-03-01 15:17:57",VEDL,7658621,322.95
153313,"2018-03-01 15:17:57",RELCAPITAL,4440011,457.3
153309,"2018-03-01 15:17:56",VEDL,7655820,322.95
153310,"2018-03-01 15:17:56",LT,1809858,1315
153306,"2018-03-01 15:17:55",RELCAPITAL,4438991,457.5
153307,"2018-03-01 15:17:55",RELIANCE,3829066,947.5
153308,"2018-03-01 15:17:55",BPCL,5899454,441.95
153304,"2018-03-01 15:17:54",TCS,814581,3037.4
153305,"2018-03-01 15:17:54",SUNPHARMA,3996138,534.35
153303,"2018-03-01 15:17:53",TATAMOTORS,6684405,370.5
153302,"2018-03-01 15:17:51",MARUTI,568011,8870
153301,"2018-03-01 15:17:49",LT,1809391,1314.95
153299,"2018-03-01 15:17:48",RELIANCE,3828276,947.6
153300,"2018-03-01 15:17:48",TATAMOTORS,6683027,370.7
153297,"2018-03-01 15:17:47",TCS,814388,3038.35
153298,"2018-03-01 15:17:47",LT,1808892,1315
153295,"2018-03-01 15:17:46",VEDL,7653130,322.95
153296,"2018-03-01 15:17:46",BPCL,5897694,441.75
153294,"2018-03-01 15:17:45",RELCAPITAL,4437889,457.55
153292,"2018-03-01 15:17:44",SUNPHARMA,3995284,534.2
153293,"2018-03-01 15:17:44",RELCAPITAL,4434960,457.3
153288,"2018-03-01 15:17:43",RELIANCE,3824008,947.55
153289,"2018-03-01 15:17:43",SUNPHARMA,3994438,534.7
153290,"2018-03-01 15:17:43",LT,1808456,1315
153291,"2018-03-01 15:17:43",TCS,814209,3037.9
153287,"2018-03-01 15:17:42",MARUTI,567895,8868.15
153286,"2018-03-01 15:17:41",RELIANCE,3822793,947.45
153285,"2018-03-01 15:17:39",TATAMOTORS,6681475,370.55
153284,"2018-03-01 15:17:38",RELCAPITAL,4434025,457.05
153282,"2018-03-01 15:17:37",VEDL,7651588,322.9
153283,"2018-03-01 15:17:37",LT,1808063,1314.95
153279,"2018-03-01 15:17:36",BPCL,5896127,441.6
153280,"2018-03-01 15:17:36",SUNPHARMA,3993624,534.6
153281,"2018-03-01 15:17:36",LT,1807639,1315
153277,"2018-03-01 15:17:35",TCS,814025,3038.35
153278,"2018-03-01 15:17:35",TATAMOTORS,6680106,370.4
153276,"2018-03-01 15:17:33",VEDL,7648277,322.85
153275,"2018-03-01 15:17:32",TATAMOTORS,6678297,370.2
153272,"2018-03-01 15:17:31",BPCL,5894483,441.65
153273,"2018-03-01 15:17:31",SUNPHARMA,3991441,534.2
153274,"2018-03-01 15:17:31",MARUTI,567572,8870.1
153269,"2018-03-01 15:17:30",VEDL,7646477,322.6
153270,"2018-03-01 15:17:30",RELCAPITAL,4432883,457.25
153271,"2018-03-01 15:17:30",RELIANCE,3821926,947
153265,"2018-03-01 15:17:29",SUNPHARMA,3970647,534.15
153266,"2018-03-01 15:17:29",VEDL,7644724,322.85
153267,"2018-03-01 15:17:29",LT,1806151,1315
153268,"2018-03-01 15:17:29",TATAMOTORS,6672760,370.55
153263,"2018-03-01 15:17:28",LT,1805051,1315
153264,"2018-03-01 15:17:28",VEDL,7641364,322.65
153260,"2018-03-01 15:17:27",TCS,813826,3038.6
153261,"2018-03-01 15:17:27",RELCAPITAL,4430974,456.95
153262,"2018-03-01 15:17:27",SUNPHARMA,3969839,534.1
153259,"2018-03-01 15:17:26",RELIANCE,3820819,947
153257,"2018-03-01 15:17:25",TATAMOTORS,6671425,370.5
153258,"2018-03-01 15:17:25",MARUTI,567427,8871.55
153255,"2018-03-01 15:17:24",LT,1804664,1314.95
153256,"2018-03-01 15:17:24",RELCAPITAL,4429992,456.65
153252,"2018-03-01 15:17:23",SUNPHARMA,3969027,533.8
153253,"2018-03-01 15:17:23",TCS,813483,3037.95
153254,"2018-03-01 15:17:23",VEDL,7633836,322.9
153249,"2018-03-01 15:17:22",RELCAPITAL,4428211,456.6
153250,"2018-03-01 15:17:22",RELIANCE,3819604,946.95
153251,"2018-03-01 15:17:22",SUNPHARMA,3968206,534.1
153247,"2018-03-01 15:17:21",BPCL,5891471,441.65
153248,"2018-03-01 15:17:21",TATAMOTORS,6668517,370.55
153243,"2018-03-01 15:17:19",TCS,813288,3037.5
153244,"2018-03-01 15:17:19",RELIANCE,3818605,947
153245,"2018-03-01 15:17:19",VEDL,7631804,322.65
153246,"2018-03-01 15:17:19",LT,1803412,1314.95
153242,"2018-03-01 15:17:18",RELCAPITAL,4423500,456.85
153241,"2018-03-01 15:17:17",RELIANCE,3815520,947
153238,"2018-03-01 15:17:16",BPCL,5890284,441.7
153239,"2018-03-01 15:17:16",TCS,813107,3037.5
153240,"2018-03-01 15:17:16",LT,1802910,1315
153236,"2018-03-01 15:17:15",RELIANCE,3814490,947
153237,"2018-03-01 15:17:15",SUNPHARMA,3965452,534.1
153235,"2018-03-01 15:17:14",BPCL,5889024,441.95
153232,"2018-03-01 15:17:13",RELIANCE,3810561,947.25
153233,"2018-03-01 15:17:13",SUNPHARMA,3963270,534.3
153234,"2018-03-01 15:17:13",VEDL,7624862,322.65
153230,"2018-03-01 15:17:12",LT,1802326,1315
153231,"2018-03-01 15:17:12",RELCAPITAL,4422483,456.55
153228,"2018-03-01 15:17:11",BPCL,5887786,441.8
153229,"2018-03-01 15:17:11",MARUTI,567313,8873.2
153224,"2018-03-01 15:17:10",MARUTI,567145,8873.25
153225,"2018-03-01 15:17:10",TATAMOTORS,6667071,370.75
153226,"2018-03-01 15:17:10",TCS,812896,3037.4
153227,"2018-03-01 15:17:10",RELIANCE,3808203,947.5
153220,"2018-03-01 15:17:08",RELIANCE,3806463,947
153221,"2018-03-01 15:17:08",MARUTI,566991,8873.1
153222,"2018-03-01 15:17:08",BPCL,5884957,441.6
153223,"2018-03-01 15:17:08",VEDL,7622408,322.6
153215,"2018-03-01 15:17:07",RELCAPITAL,4420372,456.55
153216,"2018-03-01 15:17:07",RELIANCE,3805520,947
153217,"2018-03-01 15:17:07",MARUTI,566826,8871.95
153218,"2018-03-01 15:17:07",LT,1801769,1315
153219,"2018-03-01 15:17:07",TCS,812645,3037.75
153214,"2018-03-01 15:17:06",VEDL,7618053,322.6
153210,"2018-03-01 15:17:05",SUNPHARMA,3960816,534.3
153211,"2018-03-01 15:17:05",VEDL,7616087,322.65
153212,"2018-03-01 15:17:05",TATAMOTORS,6665664,370.6
153213,"2018-03-01 15:17:05",TCS,812471,3038.75
153207,"2018-03-01 15:17:04",RELIANCE,3804173,947
153208,"2018-03-01 15:17:04",BPCL,5882911,441.8
153209,"2018-03-01 15:17:04",VEDL,7613965,322.6
153205,"2018-03-01 15:17:03",BPCL,5874344,441.75
153206,"2018-03-01 15:17:03",LT,1801342,1315
153201,"2018-03-01 15:17:02",TATAMOTORS,6664243,370.6
153202,"2018-03-01 15:17:02",VEDL,7609450,322.4
153203,"2018-03-01 15:17:02",RELCAPITAL,4418285,456.5
153204,"2018-03-01 15:17:02",RELIANCE,3802833,946.95
153200,"2018-03-01 15:17:01",RELCAPITAL,4417375,456.5
153199,"2018-03-01 15:17:00",SUNPHARMA,3959828,534.1
153194,"2018-03-01 15:16:59",RELIANCE,3800937,947.25
153195,"2018-03-01 15:16:59",SUNPHARMA,3958538,534.2
153196,"2018-03-01 15:16:59",LT,1800196,1315
153197,"2018-03-01 15:16:59",BPCL,5873090,441.45
153198,"2018-03-01 15:16:59",TCS,812215,3037.8
153193,"2018-03-01 15:16:57",RELCAPITAL,4415718,456.3
153190,"2018-03-01 15:16:56",SUNPHARMA,3957124,534.15
153191,"2018-03-01 15:16:56",RELIANCE,3800145,947.05
153192,"2018-03-01 15:16:56",MARUTI,566388,8869.9
153187,"2018-03-01 15:16:55",RELCAPITAL,4414768,456.3
153188,"2018-03-01 15:16:55",RELIANCE,3798586,947.35
153189,"2018-03-01 15:16:55",TCS,812035,3037.85
153184,"2018-03-01 15:16:54",RELIANCE,3796902,947.5
153185,"2018-03-01 15:16:54",SUNPHARMA,3954873,533.75
153186,"2018-03-01 15:16:54",LT,1799671,1315
153181,"2018-03-01 15:16:53",MARUTI,566243,8870
153182,"2018-03-01 15:16:53",VEDL,7607166,322.5
153183,"2018-03-01 15:16:53",TATAMOTORS,6662640,370.65
153179,"2018-03-01 15:16:52",BPCL,5871840,441.6
153180,"2018-03-01 15:16:52",VEDL,7605526,322.25
153176,"2018-03-01 15:16:51",SUNPHARMA,3953514,533.75
153177,"2018-03-01 15:16:51",RELCAPITAL,4413354,456.4
153178,"2018-03-01 15:16:51",TCS,811718,3038.2
153175,"2018-03-01 15:16:50",VEDL,7593745,322.2
153174,"2018-03-01 15:16:49",TCS,811516,3037.85
153170,"2018-03-01 15:16:48",RELIANCE,3794965,947.5
153171,"2018-03-01 15:16:48",MARUTI,566129,8866.4
153172,"2018-03-01 15:16:48",LT,1799186,1314.95
153173,"2018-03-01 15:16:48",BPCL,5870045,441.7
153169,"2018-03-01 15:16:47",LT,1798553,1314.95
153166,"2018-03-01 15:16:46",SUNPHARMA,3951489,533.7
153167,"2018-03-01 15:16:46",RELCAPITAL,4410413,456
153168,"2018-03-01 15:16:46",TATAMOTORS,6661063,370.6
153164,"2018-03-01 15:16:45",SUNPHARMA,3950279,533.35
153165,"2018-03-01 15:16:45",LT,1797274,1315
153163,"2018-03-01 15:16:44",VEDL,7591654,322.25
153160,"2018-03-01 15:16:43",RELCAPITAL,4409373,455.75
153161,"2018-03-01 15:16:43",SUNPHARMA,3949267,533.65
153162,"2018-03-01 15:16:43",TCS,811292,3037.85
153159,"2018-03-01 15:16:42",LT,1795402,1315
153157,"2018-03-01 15:16:41",SUNPHARMA,3948389,533.35
153158,"2018-03-01 15:16:41",BPCL,5868791,441.7
153152,"2018-03-01 15:16:40",VEDL,7583511,322.35
153153,"2018-03-01 15:16:40",LT,1794847,1315
153154,"2018-03-01 15:16:40",TATAMOTORS,6659090,370.35
153155,"2018-03-01 15:16:40",BPCL,5866766,441.65
153156,"2018-03-01 15:16:40",RELCAPITAL,4408200,455.4
153151,"2018-03-01 15:16:39",SUNPHARMA,3947245,533.35
153148,"2018-03-01 15:16:38",LT,1794415,1315
153149,"2018-03-01 15:16:38",TATAMOTORS,6657706,370.5
153150,"2018-03-01 15:16:38",BPCL,5865550,441.7
153145,"2018-03-01 15:16:37",MARUTI,565908,8865.1
153146,"2018-03-01 15:16:37",RELCAPITAL,4406159,455.7
153147,"2018-03-01 15:16:37",RELIANCE,3793928,947.35
153142,"2018-03-01 15:16:36",RELIANCE,3792258,947.1
153143,"2018-03-01 15:16:36",BPCL,5864088,441.7
153144,"2018-03-01 15:16:36",TCS,811112,3037.45
153138,"2018-03-01 15:16:35",BPCL,5862838,441.9
153139,"2018-03-01 15:16:35",VEDL,7580476,322.2
153140,"2018-03-01 15:16:35",SUNPHARMA,3938058,534.05
153141,"2018-03-01 15:16:35",SUNPHARMA,3940367,533.6
153134,"2018-03-01 15:16:34",LT,1793976,1315
153135,"2018-03-01 15:16:34",BPCL,5861079,441.9
153136,"2018-03-01 15:16:34",VEDL,7578726,322.2
153137,"2018-03-01 15:16:34",RELCAPITAL,4395652,456.1
153132,"2018-03-01 15:16:33",VEDL,7575851,322.25
153133,"2018-03-01 15:16:33",TATAMOTORS,6656107,370.5
153130,"2018-03-01 15:16:32",SUNPHARMA,3934699,534.15
153131,"2018-03-01 15:16:32",VEDL,7570801,322.2
153126,"2018-03-01 15:16:31",RELCAPITAL,4392951,455.95
153127,"2018-03-01 15:16:31",BPCL,5857995,441.75
153128,"2018-03-01 15:16:31",VEDL,7566785,322.05
153129,"2018-03-01 15:16:31",LT,1793072,1315.3
153123,"2018-03-01 15:16:30",BPCL,5856765,441.6
153124,"2018-03-01 15:16:30",TATAMOTORS,6654397,370.55
153125,"2018-03-01 15:16:30",RELIANCE,3788114,947.8
153120,"2018-03-01 15:16:29",SUNPHARMA,3932789,533.9
153121,"2018-03-01 15:16:29",VEDL,7554209,322.1
153122,"2018-03-01 15:16:29",MARUTI,565610,8865.8
153117,"2018-03-01 15:16:28",VEDL,7551719,322.1
153118,"2018-03-01 15:16:28",MARUTI,565440,8866.05
153119,"2018-03-01 15:16:28",RELCAPITAL,4391035,455.55
153113,"2018-03-01 15:16:27",RELIANCE,3786692,947.6
153114,"2018-03-01 15:16:27",SUNPHARMA,3931933,533.95
153115,"2018-03-01 15:16:27",TATAMOTORS,6652743,370.55
153116,"2018-03-01 15:16:27",TCS,810949,3038.85
153110,"2018-03-01 15:16:26",SUNPHARMA,3930212,534
153111,"2018-03-01 15:16:26",BPCL,5854603,441.6
153112,"2018-03-01 15:16:26",LT,1792666,1315.15
153107,"2018-03-01 15:16:25",TATAMOTORS,6651088,370.7
153108,"2018-03-01 15:16:25",RELCAPITAL,4389643,455.8
153109,"2018-03-01 15:16:25",VEDL,7549934,322.25
153105,"2018-03-01 15:16:24",MARUTI,565316,8873.15
153106,"2018-03-01 15:16:24",RELCAPITAL,4387142,455.7
153101,"2018-03-01 15:16:23",BPCL,5853039,441.65
153102,"2018-03-01 15:16:23",MARUTI,565101,8868.2
153103,"2018-03-01 15:16:23",SUNPHARMA,3927352,534.1
153104,"2018-03-01 15:16:23",LT,1792282,1315
153099,"2018-03-01 15:16:22",TATAMOTORS,6648487,370.55
153100,"2018-03-01 15:16:22",TCS,810779,3037.95
153097,"2018-03-01 15:16:21",RELIANCE,3785348,947.45
153098,"2018-03-01 15:16:21",SUNPHARMA,3926513,534.05
153094,"2018-03-01 15:16:20",VEDL,7547119,322.15
153095,"2018-03-01 15:16:20",RELIANCE,3782285,947.75
153096,"2018-03-01 15:16:20",RELCAPITAL,4386261,456
153090,"2018-03-01 15:16:19",SUNPHARMA,3923659,534
153091,"2018-03-01 15:16:19",MARUTI,564800,8869
153092,"2018-03-01 15:16:19",TATAMOTORS,6646758,370.45
153093,"2018-03-01 15:16:19",TCS,810258,3036
153087,"2018-03-01 15:16:18",LT,1791420,1314.9
153088,"2018-03-01 15:16:18",RELCAPITAL,4380604,456.05
153089,"2018-03-01 15:16:18",BPCL,5849943,441.65
153082,"2018-03-01 15:16:17",VEDL,7543628,322.2
153083,"2018-03-01 15:16:17",RELIANCE,3781288,947.8
153084,"2018-03-01 15:16:17",SUNPHARMA,3921292,534
153085,"2018-03-01 15:16:17",RELCAPITAL,4377152,456.2
153086,"2018-03-01 15:16:17",BPCL,5847532,441.7
153078,"2018-03-01 15:16:15",RELIANCE,3780368,947.95
153079,"2018-03-01 15:16:15",SUNPHARMA,3920138,534.35
153080,"2018-03-01 15:16:15",TCS,809899,3037.5
153081,"2018-03-01 15:16:15",MARUTI,564646,8869.75
153073,"2018-03-01 15:16:14",SUNPHARMA,3917545,534.25
153074,"2018-03-01 15:16:14",LT,1790842,1315
153075,"2018-03-01 15:16:14",BPCL,5844357,441.6
153076,"2018-03-01 15:16:14",TATAMOTORS,6643791,370.7
153077,"2018-03-01 15:16:14",TCS,809654,3037
153071,"2018-03-01 15:16:13",RELCAPITAL,4375699,456.35
153072,"2018-03-01 15:16:13",TATAMOTORS,6642336,370.7
153070,"2018-03-01 15:16:12",BPCL,5840199,441.7
153068,"2018-03-01 15:16:11",MARUTI,564515,8869.75
153069,"2018-03-01 15:16:11",LT,1790411,1315
153064,"2018-03-01 15:16:10",RELCAPITAL,4374406,456.4
153065,"2018-03-01 15:16:10",SUNPHARMA,3916644,534.2
153066,"2018-03-01 15:16:10",TCS,809432,3037.35
153067,"2018-03-01 15:16:10",VEDL,7540872,322.45
153063,"2018-03-01 15:16:09",RELIANCE,3779600,948
153061,"2018-03-01 15:16:08",TATAMOTORS,6638005,370.75
153062,"2018-03-01 15:16:08",RELIANCE,3778577,948
153057,"2018-03-01 15:16:07",TATAMOTORS,6636625,371.05
153058,"2018-03-01 15:16:07",LT,1790013,1315
153059,"2018-03-01 15:16:07",RELCAPITAL,4373495,456.65
153060,"2018-03-01 15:16:07",VEDL,7535272,322.4
153055,"2018-03-01 15:16:05",BPCL,5838597,441.7
153056,"2018-03-01 15:16:05",RELIANCE,3777289,947.8
153052,"2018-03-01 15:16:04",RELCAPITAL,4372575,456.95
153053,"2018-03-01 15:16:04",TCS,809241,3037.35
153054,"2018-03-01 15:16:04",VEDL,7532802,322.25
153049,"2018-03-01 15:16:03",MARUTI,564330,8868.25
153050,"2018-03-01 15:16:03",SUNPHARMA,3915563,534.4
153051,"2018-03-01 15:16:03",LT,1789316,1315.15
153048,"2018-03-01 15:16:02",RELIANCE,3776445,947.85
153047,"2018-03-01 15:16:01",TATAMOTORS,6634089,370.9
153046,"2018-03-01 15:16:00",MARUTI,564193,8866.05
153040,"2018-03-01 15:15:59",TCS,809059,3037.35
153041,"2018-03-01 15:15:59",VEDL,7530739,322.6
153042,"2018-03-01 15:15:59",TATAMOTORS,6632403,370.9
153043,"2018-03-01 15:15:59",BPCL,5837373,441.4
153044,"2018-03-01 15:15:59",RELCAPITAL,4371116,456.2
153045,"2018-03-01 15:15:59",SUNPHARMA,3914767,534.4
153038,"2018-03-01 15:15:58",VEDL,7528734,322.65
153039,"2018-03-01 15:15:58",BPCL,5833292,442
153036,"2018-03-01 15:15:57",RELCAPITAL,4370071,456.4
153037,"2018-03-01 15:15:57",RELIANCE,3774691,947.9
153035,"2018-03-01 15:15:57",VEDL,7526788,322.45
153032,"2018-03-01 15:15:56",SUNPHARMA,3913930,534.65
153033,"2018-03-01 15:15:56",LT,1788925,1314.9
153034,"2018-03-01 15:15:56",MARUTI,564076,8870.35
153029,"2018-03-01 15:15:55",MARUTI,563894,8862.05
153030,"2018-03-01 15:15:55",BPCL,5832000,442.05
153031,"2018-03-01 15:15:55",TCS,808884,3037.5
153028,"2018-03-01 15:15:54",MARUTI,563693,8867.75
153024,"2018-03-01 15:15:53",TATAMOTORS,6630957,370.8
153025,"2018-03-01 15:15:53",TCS,808689,3038.3
153026,"2018-03-01 15:15:53",RELCAPITAL,4369055,456.45
153027,"2018-03-01 15:15:53",VEDL,7523851,322.5
153021,"2018-03-01 15:15:52",TATAMOTORS,6628010,370.85
153022,"2018-03-01 15:15:52",TCS,808450,3038.3
153023,"2018-03-01 15:15:52",SUNPHARMA,3913067,534.6
153019,"2018-03-01 15:15:51",RELCAPITAL,4365624,457.25
153020,"2018-03-01 15:15:51",RELIANCE,3773843,947.95
153014,"2018-03-01 15:15:50",MARUTI,563470,8863
153015,"2018-03-01 15:15:50",TATAMOTORS,6624366,371
153016,"2018-03-01 15:15:50",TCS,807987,3037.5
153017,"2018-03-01 15:15:50",SUNPHARMA,3910926,534.8
153018,"2018-03-01 15:15:50",LT,1788423,1315
153011,"2018-03-01 15:15:49",RELCAPITAL,4363979,457
153012,"2018-03-01 15:15:49",SUNPHARMA,3909724,534.4
153013,"2018-03-01 15:15:49",VEDL,7522108,322.85
153009,"2018-03-01 15:15:48",RELCAPITAL,4362953,456.65
153010,"2018-03-01 15:15:48",BPCL,5830250,441.95
153004,"2018-03-01 15:15:47",RELIANCE,3772704,947.25
153005,"2018-03-01 15:15:47",VEDL,7519919,322.65
153006,"2018-03-01 15:15:47",TCS,807588,3037.8
153007,"2018-03-01 15:15:47",BPCL,5828215,442.1
153008,"2018-03-01 15:15:47",MARUTI,562981,8865.65
152999,"2018-03-01 15:15:45",TCS,807410,3037.75
153000,"2018-03-01 15:15:45",BPCL,5826982,441.85
153001,"2018-03-01 15:15:45",MARUTI,562808,8864.55
153002,"2018-03-01 15:15:45",TATAMOTORS,6622356,370.85
153003,"2018-03-01 15:15:45",LT,1787966,1314.1
152996,"2018-03-01 15:15:44",SUNPHARMA,3908492,534.3
152997,"2018-03-01 15:15:44",RELIANCE,3771391,947.15
152998,"2018-03-01 15:15:44",VEDL,7518275,322.4
152989,"2018-03-01 15:15:43",TCS,806714,3037.75
152990,"2018-03-01 15:15:43",BPCL,5825004,442.15
152991,"2018-03-01 15:15:43",SUNPHARMA,3907520,534.45
152992,"2018-03-01 15:15:43",LT,1787546,1314.85
152993,"2018-03-01 15:15:43",RELCAPITAL,4360521,456.85
152994,"2018-03-01 15:15:43",VEDL,7514936,322.65
152995,"2018-03-01 15:15:43",MARUTI,562153,8863.55
152986,"2018-03-01 15:15:42",RELIANCE,3770321,946.8
152987,"2018-03-01 15:15:42",SUNPHARMA,3905042,534.95
152988,"2018-03-01 15:15:42",RELCAPITAL,4358985,456.55
152980,"2018-03-01 15:15:41",TCS,806496,3039.1
152981,"2018-03-01 15:15:41",TATAMOTORS,6620733,370.8
152982,"2018-03-01 15:15:41",SUNPHARMA,3900501,534.35
152983,"2018-03-01 15:15:41",VEDL,7513182,322.6
152984,"2018-03-01 15:15:41",MARUTI,561788,8863.6
152985,"2018-03-01 15:15:41",RELCAPITAL,4357946,457
152973,"2018-03-01 15:15:40",SUNPHARMA,3897374,534.25
152974,"2018-03-01 15:15:40",LT,1786365,1314.85
152975,"2018-03-01 15:15:40",RELIANCE,3765235,947.45
152976,"2018-03-01 15:15:40",TATAMOTORS,6619125,371
152977,"2018-03-01 15:15:40",TCS,806071,3038.9
152978,"2018-03-01 15:15:40",VEDL,7511066,322.7
152979,"2018-03-01 15:15:40",RELCAPITAL,4355559,457
152967,"2018-03-01 15:15:39",RELIANCE,3762694,947
152968,"2018-03-01 15:15:39",SUNPHARMA,3891463,534.55
152969,"2018-03-01 15:15:39",LT,1785197,1314.2
152970,"2018-03-01 15:15:39",TCS,805421,3039
152971,"2018-03-01 15:15:39",BPCL,5822837,442.1
152972,"2018-03-01 15:15:39",MARUTI,561546,8865.1
152962,"2018-03-01 15:15:38",RELIANCE,3744709,948
152963,"2018-03-01 15:15:38",SUNPHARMA,3868488,534.95
152964,"2018-03-01 15:15:38",TCS,801151,3038.9
152965,"2018-03-01 15:15:38",VEDL,7506403,322.9
152966,"2018-03-01 15:15:38",MARUTI,560884,8860
152959,"2018-03-01 15:15:37",MARUTI,559729,8869.1
152960,"2018-03-01 15:15:37",BPCL,5818052,442
152961,"2018-03-01 15:15:37",RELCAPITAL,4350729,457.85
152956,"2018-03-01 15:15:36",VEDL,7501067,322.9
152957,"2018-03-01 15:15:36",MARUTI,559604,8862.35
152958,"2018-03-01 15:15:36",SUNPHARMA,3865415,535.3
152951,"2018-03-01 15:15:35",RELCAPITAL,4348998,457.5
152952,"2018-03-01 15:15:35",RELIANCE,3743512,948
152953,"2018-03-01 15:15:35",BPCL,5814402,441.75
152954,"2018-03-01 15:15:35",SUNPHARMA,3863202,535
152955,"2018-03-01 15:15:35",LT,1784096,1314
152947,"2018-03-01 15:15:34",LT,1783696,1314.8
152948,"2018-03-01 15:15:34",TCS,800526,3037.65
152949,"2018-03-01 15:15:34",VEDL,7499335,322.75
152950,"2018-03-01 15:15:34",TATAMOTORS,6613840,370.75
152943,"2018-03-01 15:15:33",RELIANCE,3742605,947.7
152944,"2018-03-01 15:15:33",LT,1782528,1314.25
152945,"2018-03-01 15:15:33",MARUTI,559486,8865
152946,"2018-03-01 15:15:33",TCS,800359,3037.6
152938,"2018-03-01 15:15:32",LT,1781327,1314.5
152939,"2018-03-01 15:15:32",RELIANCE,3738667,947.7
152940,"2018-03-01 15:15:32",SUNPHARMA,3861752,534.95
152941,"2018-03-01 15:15:32",BPCL,5810416,441.5
152942,"2018-03-01 15:15:32",TCS,800134,3039.25
152934,"2018-03-01 15:15:31",TCS,798907,3039.3
152935,"2018-03-01 15:15:31",SUNPHARMA,3860602,534.9
152936,"2018-03-01 15:15:31",MARUTI,559314,8873.3
152937,"2018-03-01 15:15:31",TATAMOTORS,6610522,370.8
152930,"2018-03-01 15:15:30",TCS,798637,3039.65
152931,"2018-03-01 15:15:30",BPCL,5808954,441.85
152932,"2018-03-01 15:15:30",SUNPHARMA,3858129,534.9
152933,"2018-03-01 15:15:30",LT,1779857,1314.45
152922,"2018-03-01 15:15:29",SUNPHARMA,3856647,534.55
152923,"2018-03-01 15:15:29",MARUTI,558633,8875.75
152924,"2018-03-01 15:15:29",VEDL,7495954,323
152925,"2018-03-01 15:15:29",TATAMOTORS,6609139,370.9
152926,"2018-03-01 15:15:29",TCS,798319,3039.3
152927,"2018-03-01 15:15:29",RELCAPITAL,4347112,457.65
152928,"2018-03-01 15:15:29",RELIANCE,3735288,948
152929,"2018-03-01 15:15:29",LT,1778007,1314.9
152916,"2018-03-01 15:15:28",BPCL,5806183,441.8
152917,"2018-03-01 15:15:28",MARUTI,558395,8869.15
152918,"2018-03-01 15:15:28",TCS,798024,3038
152919,"2018-03-01 15:15:28",RELCAPITAL,4346067,457.65
152920,"2018-03-01 15:15:28",SUNPHARMA,3852576,534.45
152921,"2018-03-01 15:15:28",TATAMOTORS,6607408,371
152911,"2018-03-01 15:15:27",RELIANCE,3734498,948
152912,"2018-03-01 15:15:27",LT,1777516,1314.95
152913,"2018-03-01 15:15:27",MARUTI,557326,8873.65
152914,"2018-03-01 15:15:27",TCS,797761,3039.05
152915,"2018-03-01 15:15:27",SUNPHARMA,3849472,534.6
152904,"2018-03-01 15:15:26",RELIANCE,3729151,948
152905,"2018-03-01 15:15:26",SUNPHARMA,3846979,534.6
152906,"2018-03-01 15:15:26",LT,1776144,1314.95
152907,"2018-03-01 15:15:26",BPCL,5804994,441.9
152908,"2018-03-01 15:15:26",RELCAPITAL,4344522,457.65
152909,"2018-03-01 15:15:26",VEDL,7494145,323
152910,"2018-03-01 15:15:26",TATAMOTORS,6605839,370.9
152898,"2018-03-01 15:15:25",SUNPHARMA,3844670,534.7
152899,"2018-03-01 15:15:25",BPCL,5802077,441.6
152900,"2018-03-01 15:15:25",MARUTI,556944,8869.9
152901,"2018-03-01 15:15:25",TATAMOTORS,6603454,371
152902,"2018-03-01 15:15:25",TCS,797037,3039.65
152903,"2018-03-01 15:15:25",RELCAPITAL,4341580,457.45
152893,"2018-03-01 15:15:24",SUNPHARMA,3838246,535.2
152894,"2018-03-01 15:15:24",MARUTI,556709,8869.5
152895,"2018-03-01 15:15:24",VEDL,7490186,323
152896,"2018-03-01 15:15:24",TCS,796859,3039.3
152897,"2018-03-01 15:15:24",RELIANCE,3728055,947.65
152887,"2018-03-01 15:15:23",RELCAPITAL,4340486,457.65
152888,"2018-03-01 15:15:23",SUNPHARMA,3832129,535.2
152889,"2018-03-01 15:15:23",MARUTI,556496,8870.5
152890,"2018-03-01 15:15:23",TATAMOTORS,6601009,370.85
152891,"2018-03-01 15:15:23",RELIANCE,3725252,947.75
152892,"2018-03-01 15:15:23",LT,1775652,1314.95
152880,"2018-03-01 15:15:22",RELCAPITAL,4330056,457.3
152881,"2018-03-01 15:15:22",RELIANCE,3720537,948.35
152882,"2018-03-01 15:15:22",LT,1774111,1315
152883,"2018-03-01 15:15:22",MARUTI,556263,8874.9
152884,"2018-03-01 15:15:22",TATAMOTORS,6599214,371
152885,"2018-03-01 15:15:22",BPCL,5799387,441.45
152886,"2018-03-01 15:15:22",VEDL,7486253,323
152876,"2018-03-01 15:15:21",VEDL,7484683,323.1
152877,"2018-03-01 15:15:21",BPCL,5797485,441.4
152878,"2018-03-01 15:15:21",SUNPHARMA,3831329,535
152879,"2018-03-01 15:15:21",LT,1771633,1315
152871,"2018-03-01 15:15:20",RELCAPITAL,4325402,457.75
152872,"2018-03-01 15:15:20",RELIANCE,3717815,948.3
152873,"2018-03-01 15:15:20",MARUTI,556099,8871.15
152874,"2018-03-01 15:15:20",TCS,796460,3039.15
152875,"2018-03-01 15:15:20",BPCL,5796177,441.35
152867,"2018-03-01 15:15:19",SUNPHARMA,3826083,535.4
152868,"2018-03-01 15:15:19",BPCL,5793262,441.3
152869,"2018-03-01 15:15:19",TATAMOTORS,6591041,370.85
152870,"2018-03-01 15:15:19",SUNPHARMA,3827108,535.15
152866,"2018-03-01 15:15:18",LT,1770816,1315.05
152863,"2018-03-01 15:15:17",RELIANCE,3716137,948.05
152864,"2018-03-01 15:15:17",LT,1768352,1315.65
152865,"2018-03-01 15:15:17",RELCAPITAL,4322677,457.9
152862,"2018-03-01 15:15:15",MARUTI,555838,8871
152857,"2018-03-01 15:15:14",RELCAPITAL,4320691,457
152858,"2018-03-01 15:15:14",LT,1767915,1315
152859,"2018-03-01 15:15:14",TCS,796289,3039
152860,"2018-03-01 15:15:14",RELCAPITAL,4321666,457
152861,"2018-03-01 15:15:14",RELIANCE,3714228,948.35
152853,"2018-03-01 15:15:13",SUNPHARMA,3824860,535.5
152854,"2018-03-01 15:15:13",BPCL,5791540,441.4
152855,"2018-03-01 15:15:13",MARUTI,555666,8871.2
152856,"2018-03-01 15:15:13",TATAMOTORS,6589621,370.85
152844,"2018-03-01 15:15:12",RELCAPITAL,4315829,457.85
152845,"2018-03-01 15:15:12",RELIANCE,3710274,948.45
152846,"2018-03-01 15:15:12",SUNPHARMA,3822231,535.5
152847,"2018-03-01 15:15:12",LT,1767127,1314.95
152848,"2018-03-01 15:15:12",TCS,796105,3039.25
152849,"2018-03-01 15:15:12",BPCL,5790205,441.55
152850,"2018-03-01 15:15:12",MARUTI,555516,8875
152851,"2018-03-01 15:15:12",RELCAPITAL,4318115,457.3
152852,"2018-03-01 15:15:12",RELIANCE,3712206,948.35
152842,"2018-03-01 15:15:10",TATAMOTORS,6587919,370.85
152843,"2018-03-01 15:15:10",TCS,795919,3039
152835,"2018-03-01 15:15:09",TCS,795472,3039
152836,"2018-03-01 15:15:09",SUNPHARMA,3821398,535.4
152837,"2018-03-01 15:15:09",RELCAPITAL,4313478,457.2
152838,"2018-03-01 15:15:09",BPCL,5788397,441.5
152839,"2018-03-01 15:15:09",RELIANCE,3709028,948.5
152840,"2018-03-01 15:15:09",LT,1766766,1315.45
152841,"2018-03-01 15:15:09",TCS,795757,3039
152833,"2018-03-01 15:15:07",TCS,795236,3039
152834,"2018-03-01 15:15:07",VEDL,7481717,323.15
152832,"2018-03-01 15:15:06",LT,1766125,1315.45
152830,"2018-03-01 15:15:05",RELIANCE,3706787,948.45
152831,"2018-03-01 15:15:05",SUNPHARMA,3820309,535.4
152828,"2018-03-01 15:15:04",MARUTI,555189,8873
152829,"2018-03-01 15:15:04",BPCL,5787215,441.45
152825,"2018-03-01 15:15:03",RELCAPITAL,4312120,457.25
152826,"2018-03-01 15:15:03",TATAMOTORS,6586315,371
152827,"2018-03-01 15:15:03",TCS,795070,3039.3
152823,"2018-03-01 15:15:00",VEDL,7480125,323
152824,"2018-03-01 15:15:00",RELCAPITAL,4310988,457.3
152820,"2018-03-01 15:14:59",BPCL,5785917,441.5
152821,"2018-03-01 15:14:59",SUNPHARMA,3819502,535.25
152822,"2018-03-01 15:14:59",LT,1765725,1315
152818,"2018-03-01 15:14:58",TCS,794812,3039
152819,"2018-03-01 15:14:58",RELCAPITAL,4309414,457.05
152816,"2018-03-01 15:14:57",VEDL,7477892,323.05
152817,"2018-03-01 15:14:57",LT,1764896,1315.35
152813,"2018-03-01 15:14:54",MARUTI,555069,8871.6
152814,"2018-03-01 15:14:54",SUNPHARMA,3818573,535.05
152815,"2018-03-01 15:14:54",RELIANCE,3705992,948.15
152810,"2018-03-01 15:14:53",TATAMOTORS,6584382,370.9
152811,"2018-03-01 15:14:53",TCS,794608,3038.6
152812,"2018-03-01 15:14:53",SUNPHARMA,3817443,535.15
152809,"2018-03-01 15:14:52",SUNPHARMA,3813654,535.15
152806,"2018-03-01 15:14:51",VEDL,7472158,323
152807,"2018-03-01 15:14:51",RELCAPITAL,4307599,457.3
152808,"2018-03-01 15:14:51",LT,1764377,1314.95
152805,"2018-03-01 15:14:50",BPCL,5784068,441.5
152802,"2018-03-01 15:14:49",TCS,794409,3038.5
152803,"2018-03-01 15:14:49",RELCAPITAL,4306434,457
152804,"2018-03-01 15:14:49",LT,1763546,1315
152801,"2018-03-01 15:14:48",RELCAPITAL,4297407,456.8
152798,"2018-03-01 15:14:47",VEDL,7470206,323.05
152799,"2018-03-01 15:14:47",LT,1762788,1315
152800,"2018-03-01 15:14:47",RELIANCE,3705153,948.15
152796,"2018-03-01 15:14:45",BPCL,5782882,441.3
152797,"2018-03-01 15:14:45",SUNPHARMA,3810034,535.7
152795,"2018-03-01 15:14:44",TATAMOTORS,6583065,370.9
152793,"2018-03-01 15:14:43",RELCAPITAL,4296514,457
152794,"2018-03-01 15:14:43",BPCL,5780709,441.5
152792,"2018-03-01 15:14:42",TCS,794230,3038.55
152788,"2018-03-01 15:14:41",LT,1762272,1315
152789,"2018-03-01 15:14:41",RELIANCE,3704292,947.9
152790,"2018-03-01 15:14:41",VEDL,7468550,323.05
152791,"2018-03-01 15:14:41",MARUTI,554955,8870.55
152785,"2018-03-01 15:14:40",RELCAPITAL,4295205,456.8
152786,"2018-03-01 15:14:40",LT,1761616,1315
152787,"2018-03-01 15:14:40",BPCL,5779016,441.45
152782,"2018-03-01 15:14:39",RELIANCE,3703241,948.55
152783,"2018-03-01 15:14:39",SUNPHARMA,3807218,535.4
152784,"2018-03-01 15:14:39",TATAMOTORS,6581581,370.9
152780,"2018-03-01 15:14:38",SUNPHARMA,3806325,535.35
152781,"2018-03-01 15:14:38",LT,1760306,1315
152779,"2018-03-01 15:14:37",LT,1759804,1315
152778,"2018-03-01 15:14:35",RELCAPITAL,4294039,456.95
152773,"2018-03-01 15:14:34",RELCAPITAL,4291819,456.5
152774,"2018-03-01 15:14:34",RELIANCE,3701791,947.85
152775,"2018-03-01 15:14:34",SUNPHARMA,3805470,535.3
152776,"2018-03-01 15:14:34",MARUTI,554749,8873
152777,"2018-03-01 15:14:34",TCS,793960,3037.9
152771,"2018-03-01 15:14:33",SUNPHARMA,3804686,535.3
152772,"2018-03-01 15:14:33",BPCL,5777187,441.6
152769,"2018-03-01 15:14:32",RELCAPITAL,4290869,456.3
152770,"2018-03-01 15:14:32",LT,1758315,1315
152765,"2018-03-01 15:14:31",RELCAPITAL,4289617,456.95
152766,"2018-03-01 15:14:31",MARUTI,554633,8872
152767,"2018-03-01 15:14:31",TATAMOTORS,6579354,370.7
152768,"2018-03-01 15:14:31",BPCL,5775453,441.35
152764,"2018-03-01 15:14:28",TCS,793797,3037.95
152759,"2018-03-01 15:14:27",MARUTI,554522,8870.6
152760,"2018-03-01 15:14:27",RELCAPITAL,4282938,456
152761,"2018-03-01 15:14:27",SUNPHARMA,3803603,535.35
152762,"2018-03-01 15:14:27",VEDL,7466555,323.15
152763,"2018-03-01 15:14:27",TATAMOTORS,6578014,370.85
152756,"2018-03-01 15:14:26",RELCAPITAL,4281438,456.3
152757,"2018-03-01 15:14:26",SUNPHARMA,3802606,535.35
152758,"2018-03-01 15:14:26",LT,1757947,1315
152755,"2018-03-01 15:14:25",RELIANCE,3701018,947.9
152754,"2018-03-01 15:14:24",VEDL,7464755,323.1
152753,"2018-03-01 15:14:23",SUNPHARMA,3801346,535.25
152750,"2018-03-01 15:14:22",TCS,793498,3038.25
152751,"2018-03-01 15:14:22",RELCAPITAL,4279828,456.45
152752,"2018-03-01 15:14:22",BPCL,5774125,441.45
152749,"2018-03-01 15:14:21",RELIANCE,3699874,948
152747,"2018-03-01 15:14:20",TATAMOTORS,6571315,370.65
152748,"2018-03-01 15:14:20",RELCAPITAL,4276964,456.45
152746,"2018-03-01 15:14:19",MARUTI,554405,8872
152745,"2018-03-01 15:14:18",TATAMOTORS,6569808,370.6
152744,"2018-03-01 15:14:17",RELCAPITAL,4275115,456.7
152743,"2018-03-01 15:14:16",LT,1757529,1315
152739,"2018-03-01 15:14:15",RELCAPITAL,4274253,456.7
152740,"2018-03-01 15:14:15",SUNPHARMA,3800549,535.3
152741,"2018-03-01 15:14:15",TATAMOTORS,6565671,370.6
152742,"2018-03-01 15:14:15",TCS,793329,3039.25
152737,"2018-03-01 15:14:14",RELCAPITAL,4272765,456.75
152738,"2018-03-01 15:14:14",RELIANCE,3698865,947.95
152734,"2018-03-01 15:14:13",SUNPHARMA,3798207,535.65
152735,"2018-03-01 15:14:13",LT,1757175,1315
152736,"2018-03-01 15:14:13",TCS,793094,3039.65
152733,"2018-03-01 15:14:12",BPCL,5772797,441.6
152731,"2018-03-01 15:14:10",TATAMOTORS,6564326,370.75
152732,"2018-03-01 15:14:10",BPCL,5771336,441.6
152730,"2018-03-01 15:14:09",TCS,792730,3039.65
152725,"2018-03-01 15:14:07",RELCAPITAL,4271874,456.8
152726,"2018-03-01 15:14:07",BPCL,5770114,441.65
152727,"2018-03-01 15:14:07",VEDL,7462982,323.1
152728,"2018-03-01 15:14:07",LT,1756685,1315
152729,"2018-03-01 15:14:07",RELIANCE,3696730,947.95
152723,"2018-03-01 15:14:06",SUNPHARMA,3797111,535.5
152724,"2018-03-01 15:14:06",TCS,792539,3039.7
152721,"2018-03-01 15:14:05",RELIANCE,3694917,948.65
152722,"2018-03-01 15:14:05",MARUTI,554219,8873.05
152720,"2018-03-01 15:14:04",RELCAPITAL,4270224,456.85
152718,"2018-03-01 15:14:03",TATAMOTORS,6561292,370.6
152719,"2018-03-01 15:14:03",RELIANCE,3689935,947.65
152716,"2018-03-01 15:14:02",VEDL,7460237,323.05
152717,"2018-03-01 15:14:02",BPCL,5768853,441.5
152715,"2018-03-01 15:14:01",SUNPHARMA,3795961,535.7
152712,"2018-03-01 15:14:00",TCS,792289,3039.8
152713,"2018-03-01 15:14:00",TATAMOTORS,6559442,370.7
152714,"2018-03-01 15:14:00",RELCAPITAL,4269347,456.6
152711,"2018-03-01 15:13:59",LT,1756153,1315
152710,"2018-03-01 15:13:58",RELCAPITAL,4267794,457.15
152707,"2018-03-01 15:13:57",TCS,792109,3039.8
152708,"2018-03-01 15:13:57",BPCL,5766383,441.5
152709,"2018-03-01 15:13:57",RELCAPITAL,4265716,457.05
152705,"2018-03-01 15:13:56",VEDL,7458673,323.1
