id,curr_time,symbol,volume,price
232316,"2018-02-02 16:57:54",AXISBANK,6185174,564.9
232315,"2018-02-02 16:57:52",ITC,35007067,275.35
232314,"2018-02-02 15:53:53",MARUTI,984188,8990.6
232313,"2018-02-02 15:53:39",SBIN,23273662,297.35
232312,"2018-02-02 15:53:36",ICICIBANK,16957945,335.1
232311,"2018-02-02 15:53:32",RELIANCE,13241561,904.35
232310,"2018-02-02 15:53:29",HDIL,24208514,51.35
232309,"2018-02-02 15:53:22",LT,3620968,1415.45
232308,"2018-02-02 15:53:18",INFY,5122204,1143.25
232307,"2018-02-02 15:53:10",SBIN,23273658,297.35
232306,"2018-02-02 15:53:03",AXISBANK,6184647,564.9
232305,"2018-02-02 15:52:59",MARUTI,984187,8990.6
232303,"2018-02-02 15:52:58",AXISBANK,6184647,564.9
232304,"2018-02-02 15:52:58",AXISBANK,6184646,564.9
232302,"2018-02-02 15:52:56",KOTAKBANK,2281820,1085.95
232301,"2018-02-02 15:52:48",SBIN,23273620,297.35
232300,"2018-02-02 15:52:43",IDFCBANK,15099096,52.7
232299,"2018-02-02 15:52:38",RELIANCE,13241461,904.35
232298,"2018-02-02 15:52:37",ICICIBANK,16957940,335.1
232297,"2018-02-02 15:52:23",ITC,35007017,275.35
232296,"2018-02-02 15:52:21",LT,3620958,1415.45
232294,"2018-02-02 15:52:17",LT,3620950,1415.45
232295,"2018-02-02 15:52:17",HDIL,24207639,51.35
232293,"2018-02-02 15:52:16",LT,3620958,1415.45
232292,"2018-02-02 15:52:12",HDIL,24207039,51.35
232291,"2018-02-02 15:52:07",IDFCBANK,15099076,52.7
232290,"2018-02-02 15:51:57",RELIANCE,13241451,904.35
232289,"2018-02-02 15:51:51",SBIN,23273604,297.35
232288,"2018-02-02 15:51:42",HDIL,24206014,51.35
232287,"2018-02-02 15:51:28",RELIANCE,13241450,904.35
232286,"2018-02-02 15:51:25",RELIANCE,13241449,904.35
232285,"2018-02-02 15:51:23",SBIN,23273504,297.35
232284,"2018-02-02 15:51:22",LT,3620950,1415.45
232283,"2018-02-02 15:51:11",ICICIBANK,16957890,335.1
232282,"2018-02-02 15:51:07",HDIL,24205637,51.35
232281,"2018-02-02 15:50:54",MARUTI,984181,8990.6
232280,"2018-02-02 15:50:50",HDIL,24201487,51.35
232279,"2018-02-02 15:50:47",SBIN,23273286,297.35
232278,"2018-02-02 15:50:42",ITC,35006851,275.35
232277,"2018-02-02 15:50:38",HDIL,24200987,51.35
232276,"2018-02-02 15:50:36",LT,3620940,1415.45
232275,"2018-02-02 15:50:34",SBIN,23273281,297.35
232274,"2018-02-02 15:50:31",RELIANCE,13241448,904.35
232273,"2018-02-02 15:50:29",HDIL,24200487,51.35
232272,"2018-02-02 15:50:24",HDFCBANK,1836530,1948
232271,"2018-02-02 15:50:19",INFY,5122199,1143.25
232270,"2018-02-02 15:50:14",MARUTI,984178,8990.6
232269,"2018-02-02 15:50:10",IDFCBANK,15098076,52.7
232268,"2018-02-02 15:50:03",ITC,35006651,275.35
232267,"2018-02-02 15:49:54",AXISBANK,6184646,564.9
232266,"2018-02-02 15:49:47",RELIANCE,13230390,904.35
232264,"2018-02-02 15:49:46",SBIN,23273278,297.35
232265,"2018-02-02 15:49:46",HDIL,24199487,51.35
232263,"2018-02-02 15:49:45",ITC,35006607,275.35
232262,"2018-02-02 15:49:43",INFY,5122179,1143.25
232260,"2018-02-02 15:49:41",RELIANCE,13230380,904.35
232261,"2018-02-02 15:49:41",ICICIBANK,16957840,335.1
232259,"2018-02-02 15:49:39",ITC,35006516,275.35
232258,"2018-02-02 15:49:27",ITC,35006436,275.35
232257,"2018-02-02 15:49:26",HDFC,3272573,1903.85
232256,"2018-02-02 15:49:25",ICICIBANK,16957790,335.1
232255,"2018-02-02 15:49:17",SBIN,23273225,297.35
232254,"2018-02-02 15:49:15",IDFCBANK,15097476,52.7
232253,"2018-02-02 15:48:58",MARUTI,984114,8990.6
232252,"2018-02-02 15:48:56",RELIANCE,13229367,904.35
232251,"2018-02-02 15:48:52",AXISBANK,6184611,564.9
232250,"2018-02-02 15:48:44",HDIL,24197750,51.35
232249,"2018-02-02 15:48:38",ITC,35006426,275.35
232248,"2018-02-02 15:48:35",RELIANCE,13229347,904.35
232247,"2018-02-02 15:48:26",LT,3620935,1415.45
232246,"2018-02-02 15:48:19",HDIL,24197700,51.35
232245,"2018-02-02 15:48:14",ITC,35005326,275.35
232244,"2018-02-02 15:48:13",RELIANCE,13229337,904.35
232243,"2018-02-02 15:48:07",RELIANCE,13229336,904.35
232242,"2018-02-02 15:48:00",IDFCBANK,15096971,52.7
232241,"2018-02-02 15:47:54",LT,3620925,1415.45
232240,"2018-02-02 15:47:47",ITC,35005221,275.35
232239,"2018-02-02 15:47:43",MARUTI,984074,8990.6
232238,"2018-02-02 15:47:39",IDFCBANK,15096941,52.7
232237,"2018-02-02 15:47:36",RELIANCE,13229316,904.35
232236,"2018-02-02 15:47:18",RELIANCE,13229266,904.35
232235,"2018-02-02 15:47:14",ICICIBANK,16957789,335.1
232234,"2018-02-02 15:47:11",HDIL,24196200,51.35
232233,"2018-02-02 15:47:09",LT,3620924,1415.45
232232,"2018-02-02 15:47:06",HDFC,3272571,1903.85
232231,"2018-02-02 15:47:05",JINDALSTEL,14345260,250.55
232230,"2018-02-02 15:46:52",LT,3620901,1415.45
232229,"2018-02-02 15:46:51",IDFCBANK,15096736,52.7
232228,"2018-02-02 15:46:50",INFY,5122177,1143.25
232227,"2018-02-02 15:46:45",LT,3620900,1415.45
232226,"2018-02-02 15:46:40",RELIANCE,13229261,904.35
232225,"2018-02-02 15:46:39",MARUTI,984069,8990.6
232222,"2018-02-02 15:46:38",ITC,35005216,275.35
232223,"2018-02-02 15:46:38",ICICIBANK,16957689,335.1
232224,"2018-02-02 15:46:38",SBIN,23271132,297.35
232221,"2018-02-02 15:46:27",HDIL,24195300,51.35
232219,"2018-02-02 15:46:23",MARUTI,984059,8990.6
232220,"2018-02-02 15:46:23",IDFCBANK,15096636,52.7
232218,"2018-02-02 15:46:16",RELIANCE,13229189,904.35
232217,"2018-02-02 15:46:11",SBIN,23271083,297.35
232216,"2018-02-02 15:45:58",LT,3620879,1415.45
232215,"2018-02-02 15:45:55",HDFCBANK,1836230,1948
232214,"2018-02-02 15:45:54",RELIANCE,13229159,904.35
232213,"2018-02-02 15:45:49",SBIN,23271028,297.35
232212,"2018-02-02 15:45:43",ITC,35005215,275.35
232210,"2018-02-02 15:45:41",MARUTI,984048,8990.6
232211,"2018-02-02 15:45:41",HDIL,24192800,51.35
232209,"2018-02-02 15:45:26",HDFCBANK,1836229,1948
232208,"2018-02-02 15:45:25",HDIL,24192750,51.35
232207,"2018-02-02 15:45:20",IDFCBANK,15096536,52.7
232206,"2018-02-02 15:45:19",RELIANCE,13228759,904.35
232205,"2018-02-02 15:45:15",SBIN,23271001,297.35
232202,"2018-02-02 15:45:12",JINDALSTEL,14345240,250.55
232203,"2018-02-02 15:45:12",SBIN,23270901,297.35
232204,"2018-02-02 15:45:12",RELIANCE,13228659,904.35
232201,"2018-02-02 15:45:08",INFY,5122176,1143.25
232200,"2018-02-02 15:45:01",MARUTI,984038,8990.6
232199,"2018-02-02 15:44:58",SBIN,23270869,297.35
232198,"2018-02-02 15:44:55",RELIANCE,13228264,904.35
232197,"2018-02-02 15:44:47",LT,3620870,1415.45
232196,"2018-02-02 15:44:41",ITC,35004962,275.35
232195,"2018-02-02 15:44:40",SBIN,23270668,297.35
232194,"2018-02-02 15:44:39",KOTAKBANK,2281811,1085.95
232193,"2018-02-02 15:44:37",RELIANCE,13228259,904.35
232192,"2018-02-02 15:44:36",RELIANCE,13228249,904.35
232191,"2018-02-02 15:44:33",HDFCBANK,1836227,1948
232190,"2018-02-02 15:44:26",IDFCBANK,15092636,52.7
232189,"2018-02-02 15:44:13",RELIANCE,13228086,904.35
232188,"2018-02-02 15:44:12",IDFCBANK,15092236,52.7
232187,"2018-02-02 15:44:11",ITC,35004237,275.35
232186,"2018-02-02 15:44:08",AXISBANK,6183891,564.9
232185,"2018-02-02 15:44:07",HDFC,3272570,1903.85
232184,"2018-02-02 15:44:06",HDFCBANK,1836226,1948
232183,"2018-02-02 15:44:05",SBIN,23270658,297.35
232182,"2018-02-02 15:44:02",HDIL,24190296,51.35
232181,"2018-02-02 15:44:00",MARUTI,984028,8990.6
232180,"2018-02-02 15:43:58",HDIL,24190096,51.35
232179,"2018-02-02 15:43:53",ITC,35002537,275.35
232177,"2018-02-02 15:43:45",INFY,5122161,1143.25
232178,"2018-02-02 15:43:45",ITC,35002367,275.35
232176,"2018-02-02 15:43:41",IDFCBANK,15092196,52.7
232174,"2018-02-02 15:43:39",SBIN,23270623,297.35
232175,"2018-02-02 15:43:39",HDIL,24189996,51.35
232173,"2018-02-02 15:43:36",RELIANCE,13227860,904.35
232172,"2018-02-02 15:43:35",ICICIBANK,16957688,335.1
232171,"2018-02-02 15:43:24",SBIN,23270372,297.35
232170,"2018-02-02 15:43:23",MARUTI,984021,8990.6
232169,"2018-02-02 15:43:21",RELIANCE,13227763,904.35
232168,"2018-02-02 15:43:20",IDFCBANK,15091991,52.7
232167,"2018-02-02 15:43:16",IDFCBANK,15091966,52.7
232166,"2018-02-02 15:43:10",LT,3620836,1415.45
232165,"2018-02-02 15:43:07",ITC,35002297,275.35
232164,"2018-02-02 15:42:58",SBIN,23270352,297.35
232163,"2018-02-02 15:42:57",ICICIBANK,16957685,335.1
232162,"2018-02-02 15:42:55",RELIANCE,13227678,904.35
232161,"2018-02-02 15:42:53",ITC,35002242,275.35
232160,"2018-02-02 15:42:48",JINDALSTEL,14345230,250.55
232159,"2018-02-02 15:42:47",AXISBANK,6183846,564.9
232158,"2018-02-02 15:42:32",RELIANCE,13227604,904.35
232157,"2018-02-02 15:42:31",IDFCBANK,15081866,52.7
232156,"2018-02-02 15:42:30",INFY,5122125,1143.25
232155,"2018-02-02 15:42:29",SBIN,23270347,297.35
232154,"2018-02-02 15:42:27",ITC,35002142,275.35
232153,"2018-02-02 15:42:26",MARUTI,983991,8990.6
232152,"2018-02-02 15:42:25",SBIN,23270047,297.35
232151,"2018-02-02 15:42:23",LT,3620736,1415.45
232150,"2018-02-02 15:42:18",JINDALSTEL,14345229,250.55
232149,"2018-02-02 15:42:17",HDFCBANK,1836018,1948
232148,"2018-02-02 15:42:15",RELIANCE,13227535,904.35
232146,"2018-02-02 15:42:12",RELIANCE,13227425,904.35
232147,"2018-02-02 15:42:12",HDIL,24189386,51.35
232145,"2018-02-02 15:42:04",ICICIBANK,16957585,335.1
232143,"2018-02-02 15:42:03",RELIANCE,13227420,904.35
232144,"2018-02-02 15:42:03",SBIN,23270042,297.35
232141,"2018-02-02 15:42:02",SBIN,23269582,297.35
232142,"2018-02-02 15:42:02",ITC,35001962,275.35
232140,"2018-02-02 15:41:59",JINDALSTEL,14345209,250.55
232139,"2018-02-02 15:41:58",RELIANCE,13227400,904.35
232138,"2018-02-02 15:41:39",INFY,5122111,1143.25
232137,"2018-02-02 15:41:37",ITC,35001745,275.35
232136,"2018-02-02 15:41:36",AXISBANK,6183546,564.9
232135,"2018-02-02 15:41:33",HDIL,24188410,51.35
232133,"2018-02-02 15:41:30",IDFCBANK,15081856,52.7
232134,"2018-02-02 15:41:30",MARUTI,983686,8990.6
232132,"2018-02-02 15:41:28",LT,3620695,1415.45
232131,"2018-02-02 15:41:21",RELIANCE,13227246,904.35
232130,"2018-02-02 15:41:13",SBIN,23269142,297.35
232129,"2018-02-02 15:41:08",HDIL,24187652,51.35
232128,"2018-02-02 15:41:05",SBIN,23269031,297.35
232127,"2018-02-02 15:41:00",LT,3620693,1415.45
232126,"2018-02-02 15:40:51",AXISBANK,6183516,564.9
232124,"2018-02-02 15:40:49",JINDALSTEL,14345109,250.55
232125,"2018-02-02 15:40:49",HDFC,3272470,1903.85
232123,"2018-02-02 15:40:44",AXISBANK,6183465,564.9
232122,"2018-02-02 15:40:43",INFY,5122011,1143.25
232121,"2018-02-02 15:40:40",LT,3620668,1415.45
232120,"2018-02-02 15:40:37",HDFCBANK,1835918,1948
232119,"2018-02-02 15:40:25",SBIN,23268845,297.35
232118,"2018-02-02 15:40:24",RELIANCE,13226468,904.35
232117,"2018-02-02 15:40:21",SBIN,23268594,297.35
232115,"2018-02-02 15:40:19",INFY,5122009,1143.25
232116,"2018-02-02 15:40:19",HDIL,24184795,51.35
232114,"2018-02-02 15:40:14",KOTAKBANK,2281786,1085.95
232113,"2018-02-02 15:31:03",IDFCBANK,15077131,52.45
232112,"2018-02-02 15:30:48",ICICIBANK,16954818,335.1
232111,"2018-02-02 15:30:31",RELIANCE,13223846,901.9
232110,"2018-02-02 15:30:30",KOTAKBANK,2281779,1082.25
232109,"2018-02-02 15:30:25",JINDALSTEL,14344701,249.95
232108,"2018-02-02 15:30:22",INFY,5121891,1145.3
232107,"2018-02-02 15:30:20",ITC,34997729,274.5
232105,"2018-02-02 15:30:18",HDFCBANK,1834940,1941.5
232106,"2018-02-02 15:30:18",HDFC,3272086,1900
232104,"2018-02-02 15:30:15",SBIN,23263757,295.8
232103,"2018-02-02 15:30:10",HDIL,24181629,51.6
232100,"2018-02-02 15:30:09",AXISBANK,6183172,565
232101,"2018-02-02 15:30:09",LT,3619295,1415
232102,"2018-02-02 15:30:09",MARUTI,983530,8990.6
232099,"2018-02-02 15:30:08",HDIL,24170235,51.6
232098,"2018-02-02 15:30:06",LT,3618514,1417.9
232097,"2018-02-02 15:30:04",KOTAKBANK,2279920,1084
232096,"2018-02-02 15:30:03",SBIN,23256702,295.95
232095,"2018-02-02 15:30:01",AXISBANK,6180066,565
232094,"2018-02-02 15:29:57",HDFCBANK,1834191,1942
232093,"2018-02-02 15:29:56",INFY,5114507,1145.25
232091,"2018-02-02 15:29:54",ICICIBANK,16940061,334.85
232092,"2018-02-02 15:29:54",ITC,34981817,274.45
232090,"2018-02-02 15:29:50",LT,3617233,1418.85
232089,"2018-02-02 15:29:49",SBIN,23241530,295.95
232088,"2018-02-02 15:29:46",ITC,34921154,274.25
232087,"2018-02-02 15:29:44",RELIANCE,13200602,901.5
232085,"2018-02-02 15:29:42",MARUTI,982737,8995
232086,"2018-02-02 15:29:42",AXISBANK,6171487,565
232084,"2018-02-02 15:29:41",INFY,5102789,1145
232083,"2018-02-02 15:29:39",IDFCBANK,15013650,52.4
232082,"2018-02-02 15:29:37",KOTAKBANK,2279454,1083.55
232081,"2018-02-02 15:29:35",JINDALSTEL,14330621,250.35
232080,"2018-02-02 15:29:32",HDFCBANK,1830586,1943.2
232079,"2018-02-02 15:29:30",AXISBANK,6158344,565
232078,"2018-02-02 15:29:28",LT,3612198,1417.7
232077,"2018-02-02 15:29:27",HDIL,24086230,51.65
232075,"2018-02-02 15:29:26",KOTAKBANK,2278616,1084.35
232076,"2018-02-02 15:29:26",SBIN,23205126,296
232073,"2018-02-02 15:29:25",IDFCBANK,14980442,52.3
232074,"2018-02-02 15:29:25",RELIANCE,13186111,901.2
232072,"2018-02-02 15:29:23",ICICIBANK,16914463,334.85
232071,"2018-02-02 15:29:22",ITC,34836605,274.45
232070,"2018-02-02 15:29:20",INFY,5098140,1145
232069,"2018-02-02 15:29:17",HDFCBANK,1829669,1942.85
232068,"2018-02-02 15:29:14",LT,3608804,1418.9
232067,"2018-02-02 15:29:11",MARUTI,981029,8997.35
232066,"2018-02-02 15:29:10",INFY,5076009,1145
232065,"2018-02-02 15:29:09",AXISBANK,6140465,565
232064,"2018-02-02 15:29:07",SBIN,23171102,296
232062,"2018-02-02 15:29:06",KOTAKBANK,2277393,1084.2
232063,"2018-02-02 15:29:06",HDFC,3263943,1900.05
232061,"2018-02-02 15:29:05",ITC,34783287,274.5
232059,"2018-02-02 15:29:01",IDFCBANK,14951626,52.25
232060,"2018-02-02 15:29:01",ICICIBANK,16885192,334.85
232058,"2018-02-02 15:28:59",RELIANCE,13151528,901.1
232056,"2018-02-02 15:28:55",INFY,5063383,1145
232057,"2018-02-02 15:28:55",AXISBANK,6136657,565
232055,"2018-02-02 15:28:46",HDFC,3263155,1902
232054,"2018-02-02 15:28:43",INFY,5056117,1145
232052,"2018-02-02 15:28:42",IDFCBANK,14939254,52.25
232053,"2018-02-02 15:28:42",HDFCBANK,1827523,1943.95
232051,"2018-02-02 15:28:41",LT,3602375,1418.85
232050,"2018-02-02 15:28:39",JINDALSTEL,14243398,250.3
232049,"2018-02-02 15:28:37",AXISBANK,6123345,565
232046,"2018-02-02 15:28:36",SBIN,23165801,295.9
232047,"2018-02-02 15:28:36",AXISBANK,6122398,565
232048,"2018-02-02 15:28:36",ITC,34747386,274.8
232045,"2018-02-02 15:28:35",MARUTI,975880,8985
232044,"2018-02-02 15:28:33",KOTAKBANK,2276525,1082.8
232043,"2018-02-02 15:28:31",MARUTI,973900,8994
232041,"2018-02-02 15:28:30",IDFCBANK,14899823,52.35
232042,"2018-02-02 15:28:30",HDFCBANK,1827143,1943.05
232039,"2018-02-02 15:28:29",ITC,34683524,274.5
232040,"2018-02-02 15:28:29",KOTAKBANK,2276134,1080
232038,"2018-02-02 15:28:28",INFY,5030163,1145
232037,"2018-02-02 15:28:26",HDIL,24015677,51.6
232036,"2018-02-02 15:28:25",AXISBANK,6106511,565
232035,"2018-02-02 15:28:23",SBIN,23153937,295.9
232034,"2018-02-02 15:28:21",HDFCBANK,1826124,1942.35
232033,"2018-02-02 15:28:19",HDFC,3262182,1903.15
232031,"2018-02-02 15:28:16",AXISBANK,6100891,565.1
232032,"2018-02-02 15:28:16",MARUTI,973141,8993.6
232030,"2018-02-02 15:28:15",HDFCBANK,1826061,1942.6
232029,"2018-02-02 15:28:13",JINDALSTEL,14195689,250.5
232028,"2018-02-02 15:28:12",SBIN,23148644,295.8
232027,"2018-02-02 15:28:10",AXISBANK,6093056,565.35
232026,"2018-02-02 15:28:08",RELIANCE,13130287,901.95
232025,"2018-02-02 15:28:07",LT,3596036,1417.5
232023,"2018-02-02 15:28:06",HDIL,23997430,51.65
232024,"2018-02-02 15:28:06",ITC,34625738,274.9
232022,"2018-02-02 15:28:02",HDFC,3261207,1903.6
232020,"2018-02-02 15:28:01",ICICIBANK,16851111,334.75
232021,"2018-02-02 15:28:01",AXISBANK,6089365,565.35
232019,"2018-02-02 15:27:59",LT,3595731,1417
232016,"2018-02-02 15:27:57",INFY,5000189,1145.1
232017,"2018-02-02 15:27:57",HDIL,23982799,51.6
232018,"2018-02-02 15:27:57",IDFCBANK,14871708,52.3
232015,"2018-02-02 15:27:53",SBIN,23102763,295.65
232014,"2018-02-02 15:27:52",ITC,34474928,275
232012,"2018-02-02 15:27:51",JINDALSTEL,14189302,250.7
232013,"2018-02-02 15:27:51",ICICIBANK,16807326,335.4
232010,"2018-02-02 15:27:48",LT,3591961,1417.85
232011,"2018-02-02 15:27:48",AXISBANK,6080210,564.95
232009,"2018-02-02 15:27:47",MARUTI,969609,8981
232008,"2018-02-02 15:27:45",HDFCBANK,1822041,1944.05
232006,"2018-02-02 15:27:42",INFY,4996060,1145.1
232007,"2018-02-02 15:27:42",LT,3589450,1416.55
232004,"2018-02-02 15:27:41",MARUTI,968749,8982.1
232005,"2018-02-02 15:27:41",ITC,34413423,275.25
232003,"2018-02-02 15:27:39",HDFC,3256495,1906.25
232002,"2018-02-02 15:27:36",JINDALSTEL,14180990,251
232001,"2018-02-02 15:27:34",HDIL,23955249,51.5
232000,"2018-02-02 15:27:32",IDFCBANK,14834765,52.35
231999,"2018-02-02 15:27:31",RELIANCE,13096541,901.5
231998,"2018-02-02 15:27:30",AXISBANK,6066147,565.35
231997,"2018-02-02 15:27:28",KOTAKBANK,2267150,1080.05
231996,"2018-02-02 15:27:27",MARUTI,967972,8984
231994,"2018-02-02 15:27:26",LT,3587828,1417.95
231995,"2018-02-02 15:27:26",HDFC,3252217,1906.35
231993,"2018-02-02 15:27:25",SBIN,23088241,295.7
231992,"2018-02-02 15:27:23",HDFCBANK,1818319,1945.05
231991,"2018-02-02 15:27:21",AXISBANK,6062545,564.9
231990,"2018-02-02 15:27:20",HDFCBANK,1817270,1945.05
231989,"2018-02-02 15:27:19",HDFCBANK,1818319,1945.05
231988,"2018-02-02 15:27:15",RELIANCE,13085595,901.9
231986,"2018-02-02 15:27:13",AXISBANK,6047501,565
231987,"2018-02-02 15:27:13",JINDALSTEL,14175042,250.85
231985,"2018-02-02 15:27:11",INFY,4978620,1145.05
231983,"2018-02-02 15:27:08",RELIANCE,13071136,901.95
231984,"2018-02-02 15:27:08",SBIN,23079095,295.6
231982,"2018-02-02 15:27:06",HDFC,3248496,1905.85
231981,"2018-02-02 15:27:04",LT,3558059,1416.6
231979,"2018-02-02 15:27:02",IDFCBANK,14790914,52.3
231980,"2018-02-02 15:27:02",AXISBANK,6033954,564.85
231978,"2018-02-02 15:27:01",AXISBANK,6033943,565
231974,"2018-02-02 15:27:00",MARUTI,965834,8981.15
231975,"2018-02-02 15:27:00",ICICIBANK,16676574,334.55
231976,"2018-02-02 15:27:00",LT,3557367,1416.3
231977,"2018-02-02 15:27:00",SBIN,23076652,295.7
231973,"2018-02-02 15:26:58",JINDALSTEL,14167296,250.95
231972,"2018-02-02 15:26:56",ITC,34380465,275.2
231971,"2018-02-02 15:26:55",RELIANCE,13052203,902.7
231969,"2018-02-02 15:26:53",INFY,4972986,1145.1
231970,"2018-02-02 15:26:53",HDFC,3247149,1905.15
231968,"2018-02-02 15:26:47",AXISBANK,6030661,564.9
231966,"2018-02-02 15:26:45",ICICIBANK,16658236,334.85
231967,"2018-02-02 15:26:45",AXISBANK,6029961,564.9
231965,"2018-02-02 15:26:44",HDIL,23820358,51.25
231960,"2018-02-02 15:26:38",AXISBANK,6023264,565
231961,"2018-02-02 15:26:38",MARUTI,964493,8977
231962,"2018-02-02 15:26:38",HDFCBANK,1809884,1945.8
231963,"2018-02-02 15:26:38",KOTAKBANK,2262120,1080.8
231964,"2018-02-02 15:26:38",LT,3554096,1418
231959,"2018-02-02 15:26:36",RELIANCE,13043937,902.75
231958,"2018-02-02 15:26:32",LT,3553921,1416.9
231956,"2018-02-02 15:26:31",RELIANCE,13036659,902.95
231957,"2018-02-02 15:26:31",SBIN,23048837,295.6
231955,"2018-02-02 15:26:30",INFY,4960877,1145.3
231954,"2018-02-02 15:26:26",KOTAKBANK,2261165,1081.05
231952,"2018-02-02 15:26:25",AXISBANK,6017012,564.95
231953,"2018-02-02 15:26:25",ITC,34361044,275.15
231951,"2018-02-02 15:26:24",LT,3552917,1418.65
231949,"2018-02-02 15:26:17",LT,3551410,1418.8
231950,"2018-02-02 15:26:17",KOTAKBANK,2260522,1081.45
231947,"2018-02-02 15:26:14",IDFCBANK,14670795,52.4
231948,"2018-02-02 15:26:14",AXISBANK,6014723,564.9
231946,"2018-02-02 15:26:13",HDIL,23749905,51.4
231944,"2018-02-02 15:26:12",HDFCBANK,1808054,1945.8
231945,"2018-02-02 15:26:12",INFY,4955525,1145.3
231943,"2018-02-02 15:26:09",JINDALSTEL,14147905,250.7
231942,"2018-02-02 15:26:08",IDFCBANK,14615316,52.35
231941,"2018-02-02 15:26:07",LT,3551382,1418.8
231940,"2018-02-02 15:26:04",HDFC,3238602,1905
231939,"2018-02-02 15:26:00",ICICIBANK,16556915,334.4
231936,"2018-02-02 15:25:59",SBIN,23025566,295.75
231937,"2018-02-02 15:25:59",HDFCBANK,1806833,1946
231938,"2018-02-02 15:25:59",RELIANCE,13012129,903.65
231934,"2018-02-02 15:25:58",JINDALSTEL,14143171,250.75
231935,"2018-02-02 15:25:58",HDIL,23715231,51.35
231933,"2018-02-02 15:25:56",AXISBANK,6012180,564.9
231932,"2018-02-02 15:25:54",KOTAKBANK,2258682,1081.65
231930,"2018-02-02 15:25:53",HDIL,23700595,51.35
231931,"2018-02-02 15:25:53",RELIANCE,12997691,904.5
231929,"2018-02-02 15:25:47",HDFCBANK,1804075,1946.1
231928,"2018-02-02 15:25:46",LT,3547537,1419
231927,"2018-02-02 15:25:43",ICICIBANK,16536698,334.05
231925,"2018-02-02 15:25:41",SBIN,23011485,295.9
231926,"2018-02-02 15:25:41",HDFC,3234136,1905.9
231924,"2018-02-02 15:25:40",INFY,4940030,1144.8
231923,"2018-02-02 15:25:38",AXISBANK,6006784,565
231922,"2018-02-02 15:25:36",KOTAKBANK,2253384,1080.65
231921,"2018-02-02 15:25:35",JINDALSTEL,14129120,250.8
231920,"2018-02-02 15:25:32",SBIN,23010275,295.9
231919,"2018-02-02 15:25:31",LT,3547010,1418.95
231917,"2018-02-02 15:25:29",HDFC,3231275,1905.9
231918,"2018-02-02 15:25:29",AXISBANK,6002828,564.95
231916,"2018-02-02 15:25:28",ITC,34326969,275.25
231915,"2018-02-02 15:25:27",RELIANCE,12995773,904.15
231914,"2018-02-02 15:25:26",ITC,34326165,275.2
231913,"2018-02-02 15:25:23",SBIN,23000802,295.95
231912,"2018-02-02 15:25:22",IDFCBANK,14459169,52.4
231911,"2018-02-02 15:25:21",HDIL,23614601,51.35
231909,"2018-02-02 15:25:19",AXISBANK,5990394,565
231910,"2018-02-02 15:25:19",LT,3543927,1418.8
231907,"2018-02-02 15:25:17",HDFC,3229551,1905.95
231908,"2018-02-02 15:25:17",MARUTI,960030,8982
231906,"2018-02-02 15:25:16",INFY,4901871,1143.15
231905,"2018-02-02 15:25:13",ITC,34315924,275.3
231902,"2018-02-02 15:25:12",IDFCBANK,14433924,52.45
231903,"2018-02-02 15:25:12",HDIL,23612587,51.35
231904,"2018-02-02 15:25:12",ICICIBANK,16496307,333.95
231901,"2018-02-02 15:25:11",HDFC,3229360,1906
231900,"2018-02-02 15:25:09",AXISBANK,5989333,564.9
231899,"2018-02-02 15:25:06",KOTAKBANK,2238599,1081.45
231898,"2018-02-02 15:25:04",HDFC,3227571,1905.95
231896,"2018-02-02 15:25:02",AXISBANK,5979850,565
231897,"2018-02-02 15:25:02",SBIN,22989938,295.9
231894,"2018-02-02 15:24:59",RELIANCE,12982295,904.7
231895,"2018-02-02 15:24:59",MARUTI,959475,8981
231892,"2018-02-02 15:24:57",HDFCBANK,1801325,1945.55
231893,"2018-02-02 15:24:57",JINDALSTEL,14108648,250
231889,"2018-02-02 15:24:55",HDFC,3226938,1905.95
231890,"2018-02-02 15:24:55",ICICIBANK,16468307,334
231891,"2018-02-02 15:24:55",LT,3539876,1419.1
231888,"2018-02-02 15:24:54",RELIANCE,12977359,904.7
231887,"2018-02-02 15:24:51",KOTAKBANK,2235999,1082.15
231886,"2018-02-02 15:24:49",HDFCBANK,1801110,1945.1
231884,"2018-02-02 15:24:48",AXISBANK,5977900,565.1
231885,"2018-02-02 15:24:48",IDFCBANK,14234472,52.55
231882,"2018-02-02 15:24:43",HDFC,3221748,1905.3
231883,"2018-02-02 15:24:43",HDIL,23575987,51.3
231881,"2018-02-02 15:24:42",INFY,4837374,1144.75
231880,"2018-02-02 15:24:40",AXISBANK,5965099,565
231878,"2018-02-02 15:24:38",HDIL,23585822,51.3
231879,"2018-02-02 15:24:38",RELIANCE,12890569,903.95
231877,"2018-02-02 15:24:37",MARUTI,956305,8980
231876,"2018-02-02 15:24:36",AXISBANK,5972123,565
231875,"2018-02-02 15:24:35",INFY,4852805,1145
231874,"2018-02-02 15:24:34",ITC,34281833,275.4
231873,"2018-02-02 15:24:33",LT,3532375,1419.2
231872,"2018-02-02 15:24:32",ICICIBANK,16374873,334.2
231870,"2018-02-02 15:24:31",HDFCBANK,1800407,1945
231871,"2018-02-02 15:24:31",ITC,34270177,275.35
231869,"2018-02-02 15:24:30",LT,3530992,1419.05
231867,"2018-02-02 15:24:27",ICICIBANK,16343676,334.45
231868,"2018-02-02 15:24:27",IDFCBANK,14243397,52.5
231866,"2018-02-02 15:24:26",RELIANCE,12958697,905
231865,"2018-02-02 15:24:24",KOTAKBANK,2233165,1083.2
231864,"2018-02-02 15:24:23",AXISBANK,5968899,564.95
231862,"2018-02-02 15:24:19",SBIN,22949036,295.9
231863,"2018-02-02 15:24:19",HDFCBANK,1798538,1943.9
231861,"2018-02-02 15:24:17",HDIL,23577202,51.3
231860,"2018-02-02 15:24:15",AXISBANK,5967368,564.95
231859,"2018-02-02 15:24:13",JINDALSTEL,14083243,249.8
231858,"2018-02-02 15:24:12",HDFCBANK,1798513,1943.9
231857,"2018-02-02 15:24:10",AXISBANK,5945756,564.95
231856,"2018-02-02 15:24:09",IDFCBANK,14228899,52.55
231855,"2018-02-02 15:24:08",ICICIBANK,16331589,334.45
231854,"2018-02-02 15:24:05",IDFCBANK,14225316,52.55
231853,"2018-02-02 15:24:04",HDIL,23543760,51.3
231852,"2018-02-02 15:24:03",INFY,4827756,1145
231851,"2018-02-02 15:24:00",SBIN,22941193,295.7
231850,"2018-02-02 15:23:56",MARUTI,951166,8981
231849,"2018-02-02 15:23:53",ITC,34178939,275.85
231848,"2018-02-02 15:23:51",HDFCBANK,1796372,1944.4
231847,"2018-02-02 15:23:50",SBIN,22929194,295.75
231846,"2018-02-02 15:23:49",AXISBANK,5939153,564.9
231844,"2018-02-02 15:23:46",RELIANCE,12872059,903.1
231845,"2018-02-02 15:23:46",HDIL,23519507,51.2
231842,"2018-02-02 15:23:41",IDFCBANK,14198784,52.55
231843,"2018-02-02 15:23:41",INFY,4818117,1145.15
231841,"2018-02-02 15:23:37",ITC,34174135,275.6
231838,"2018-02-02 15:23:36",JINDALSTEL,14072357,249.65
231839,"2018-02-02 15:23:36",KOTAKBANK,2225916,1084.4
231840,"2018-02-02 15:23:36",HDFCBANK,1794736,1944.5
231837,"2018-02-02 15:23:34",LT,3510384,1416.75
231836,"2018-02-02 15:23:32",AXISBANK,5933129,564.85
231834,"2018-02-02 15:23:31",SBIN,22922703,296
231835,"2018-02-02 15:23:31",ICICIBANK,16297397,334.45
231833,"2018-02-02 15:23:30",INFY,4807342,1145
231832,"2018-02-02 15:23:28",JINDALSTEL,14067066,249.2
231831,"2018-02-02 15:23:25",LT,3508350,1415.85
231830,"2018-02-02 15:23:22",RELIANCE,12833742,902.95
231829,"2018-02-02 15:23:20",IDFCBANK,14141568,52.6
231828,"2018-02-02 15:23:19",INFY,4811740,1145.05
231825,"2018-02-02 15:23:16",AXISBANK,5923563,565
231826,"2018-02-02 15:23:16",HDIL,23471706,51.2
231827,"2018-02-02 15:23:16",KOTAKBANK,2224793,1084.1
231823,"2018-02-02 15:23:15",MARUTI,950263,8975.5
231824,"2018-02-02 15:23:15",SBIN,22896530,296.2
231822,"2018-02-02 15:23:12",HDFCBANK,1793113,1943.25
231821,"2018-02-02 15:23:11",HDFC,3201365,1904.7
231820,"2018-02-02 15:23:10",RELIANCE,12833404,903
231819,"2018-02-02 15:23:07",HDFCBANK,1786897,1944.45
231818,"2018-02-02 15:23:05",KOTAKBANK,2213446,1083.6
231817,"2018-02-02 15:23:03",ITC,33945905,275
231814,"2018-02-02 15:23:01",ICICIBANK,16173365,334.5
231815,"2018-02-02 15:23:01",HDIL,23399257,51.25
231816,"2018-02-02 15:23:01",AXISBANK,5903853,564.9
231813,"2018-02-02 15:22:58",INFY,4791628,1145
231812,"2018-02-02 15:22:57",MARUTI,948116,8985
231811,"2018-02-02 15:22:54",ITC,33954560,275
231810,"2018-02-02 15:22:51",JINDALSTEL,14033953,249.55
231809,"2018-02-02 15:22:49",HDFCBANK,1787229,1944.7
231808,"2018-02-02 15:22:48",HDFC,3202901,1905.25
231807,"2018-02-02 15:22:47",IDFCBANK,14095034,52.6
231806,"2018-02-02 15:22:46",AXISBANK,5905556,564.7
231805,"2018-02-02 15:22:45",LT,3500097,1414.25
231804,"2018-02-02 15:22:44",KOTAKBANK,2214237,1084.6
231802,"2018-02-02 15:22:42",HDIL,23405067,51.3
231803,"2018-02-02 15:22:42",INFY,4793852,1145.05
231801,"2018-02-02 15:22:40",LT,3499918,1414.2
231800,"2018-02-02 15:22:39",INFY,4791657,1145
231799,"2018-02-02 15:22:38",RELIANCE,12759548,903.85
231798,"2018-02-02 15:22:35",INFY,4787928,1145.05
231797,"2018-02-02 15:22:32",MARUTI,946144,8985.05
231796,"2018-02-02 15:22:30",ITC,33919290,274.85
231795,"2018-02-02 15:22:29",LT,3494685,1413.9
231794,"2018-02-02 15:22:28",KOTAKBANK,2207074,1084.2
231793,"2018-02-02 15:22:27",AXISBANK,5894824,564.95
231791,"2018-02-02 15:22:25",ICICIBANK,16161384,334.4
231792,"2018-02-02 15:22:25",HDIL,23380242,51.2
231790,"2018-02-02 15:22:21",IDFCBANK,14049371,52.65
231789,"2018-02-02 15:22:20",HDFCBANK,1783890,1943.35
231787,"2018-02-02 15:22:17",JINDALSTEL,13988673,250
231788,"2018-02-02 15:22:17",KOTAKBANK,2197801,1083.4
231786,"2018-02-02 15:22:12",HDIL,23332665,51.3
231785,"2018-02-02 15:22:11",AXISBANK,5884186,563.9
231784,"2018-02-02 15:22:10",RELIANCE,12740126,903.6
231782,"2018-02-02 15:22:07",ITC,33888823,275
231783,"2018-02-02 15:22:07",HDFC,3195987,1902.75
231781,"2018-02-02 15:22:05",MARUTI,942555,8977.8
231780,"2018-02-02 15:22:04",INFY,4772155,1145.3
231779,"2018-02-02 15:22:01",HDIL,23299888,51.3
231778,"2018-02-02 15:21:58",ICICIBANK,16108414,334.45
231777,"2018-02-02 15:21:55",AXISBANK,5881276,564
231775,"2018-02-02 15:21:52",RELIANCE,12722529,903
231776,"2018-02-02 15:21:52",ITC,33864026,274.85
231774,"2018-02-02 15:21:49",SBIN,22716203,296.45
231773,"2018-02-02 15:21:47",LT,3485715,1413.45
231772,"2018-02-02 15:21:45",INFY,4767328,1145
231771,"2018-02-02 15:21:43",KOTAKBANK,2191479,1082.9
231770,"2018-02-02 15:21:42",RELIANCE,12689611,903.7
231768,"2018-02-02 15:21:39",JINDALSTEL,13968351,249.3
231769,"2018-02-02 15:21:39",HDFC,3192146,1902.35
231767,"2018-02-02 15:21:36",ITC,33843318,274.55
231765,"2018-02-02 15:21:35",AXISBANK,5876374,562.85
231766,"2018-02-02 15:21:35",SBIN,22682011,296.55
231764,"2018-02-02 15:21:33",AXISBANK,5875327,563.2
231763,"2018-02-02 15:21:31",HDFCBANK,1782276,1943
231762,"2018-02-02 15:21:29",HDIL,23250329,51.4
231761,"2018-02-02 15:21:26",SBIN,22663445,296.5
231759,"2018-02-02 15:21:25",AXISBANK,5869421,563.15
231760,"2018-02-02 15:21:25",HDFCBANK,1781158,1943
231758,"2018-02-02 15:21:23",IDFCBANK,14000812,52.65
231757,"2018-02-02 15:21:21",LT,3482473,1412.55
231756,"2018-02-02 15:21:19",HDFCBANK,1780998,1943.6
231755,"2018-02-02 15:21:18",RELIANCE,12672281,903.85
231754,"2018-02-02 15:21:15",ICICIBANK,16069336,334.35
231753,"2018-02-02 15:21:12",ITC,33795486,275
231752,"2018-02-02 15:21:11",JINDALSTEL,13946823,249.6
231750,"2018-02-02 15:21:06",RELIANCE,12659137,903.8
231751,"2018-02-02 15:21:06",KOTAKBANK,2185925,1083.95
231748,"2018-02-02 15:21:05",HDIL,23234009,51.4
231749,"2018-02-02 15:21:05",AXISBANK,5862235,562.95
231747,"2018-02-02 15:21:02",SBIN,22639595,296.55
231746,"2018-02-02 15:21:01",HDFC,3186266,1902.85
231745,"2018-02-02 15:21:00",IDFCBANK,13980558,52.65
231744,"2018-02-02 15:20:57",INFY,4749036,1144.9
231742,"2018-02-02 15:20:55",ITC,33789717,275.05
231743,"2018-02-02 15:20:55",RELIANCE,12652710,903.9
231739,"2018-02-02 15:20:54",SBIN,22633966,296.35
231740,"2018-02-02 15:20:54",KOTAKBANK,2185095,1084.05
231741,"2018-02-02 15:20:54",AXISBANK,5848487,563
231736,"2018-02-02 15:20:50",AXISBANK,5846178,562.25
231737,"2018-02-02 15:20:50",ICICIBANK,16058221,334.35
231738,"2018-02-02 15:20:50",MARUTI,937435,8970.35
231733,"2018-02-02 15:20:49",SBIN,22626076,296.35
231734,"2018-02-02 15:20:49",MARUTI,937356,8970.85
231735,"2018-02-02 15:20:49",HDFCBANK,1777942,1943.75
231732,"2018-02-02 15:20:47",RELIANCE,12650506,903.95
231731,"2018-02-02 15:20:45",IDFCBANK,13956110,52.65
231730,"2018-02-02 15:20:42",HDFCBANK,1770608,1943.75
231729,"2018-02-02 15:20:40",ICICIBANK,16003439,334.4
231728,"2018-02-02 15:20:39",JINDALSTEL,13933370,249.1
231727,"2018-02-02 15:20:38",RELIANCE,12620713,904.25
231725,"2018-02-02 15:20:36",ITC,33770940,275.25
231726,"2018-02-02 15:20:36",KOTAKBANK,2175821,1083
231724,"2018-02-02 15:20:35",AXISBANK,5828556,562.5
231722,"2018-02-02 15:20:33",JINDALSTEL,13928591,249.05
231723,"2018-02-02 15:20:33",IDFCBANK,13935565,52.65
231721,"2018-02-02 15:20:31",HDFC,3179797,1904.05
231720,"2018-02-02 15:20:30",SBIN,22591152,296.5
231719,"2018-02-02 15:20:29",RELIANCE,12634288,903.8
231718,"2018-02-02 15:20:26",AXISBANK,5827567,562.5
231717,"2018-02-02 15:20:25",JINDALSTEL,13932101,249.1
231715,"2018-02-02 15:20:23",KOTAKBANK,2167195,1083
231716,"2018-02-02 15:20:23",INFY,4737532,1145
231714,"2018-02-02 15:20:22",HDIL,23155726,51.35
231713,"2018-02-02 15:20:19",JINDALSTEL,13928691,249.05
231711,"2018-02-02 15:20:17",RELIANCE,12614249,904.6
231712,"2018-02-02 15:20:17",HDFC,3177399,1904.05
231710,"2018-02-02 15:20:16",INFY,4730179,1145
231709,"2018-02-02 15:20:11",IDFCBANK,13928336,52.65
231708,"2018-02-02 15:20:10",AXISBANK,5819502,562.2
231707,"2018-02-02 15:20:09",LT,3465651,1410.3
231706,"2018-02-02 15:20:07",MARUTI,934168,8963.7
231703,"2018-02-02 15:20:04",HDFC,3176500,1904.05
231704,"2018-02-02 15:20:04",IDFCBANK,13921315,52.65
231705,"2018-02-02 15:20:04",SBIN,22556260,296.6
231702,"2018-02-02 15:20:02",MARUTI,933781,8964.45
231701,"2018-02-02 15:20:01",AXISBANK,5818032,562.25
231700,"2018-02-02 15:19:59",RELIANCE,12592327,904.85
231699,"2018-02-02 15:19:56",IDFCBANK,13912977,52.6
231698,"2018-02-02 15:19:54",KOTAKBANK,2158881,1084.4
231697,"2018-02-02 15:19:53",AXISBANK,5812168,562.15
231695,"2018-02-02 15:19:52",ICICIBANK,15991457,334.4
231696,"2018-02-02 15:19:52",INFY,4726525,1145
231694,"2018-02-02 15:19:50",LT,3460985,1411.05
231693,"2018-02-02 15:19:49",JINDALSTEL,13905567,248.8
231692,"2018-02-02 15:19:48",HDIL,23128152,51.3
231691,"2018-02-02 15:19:45",INFY,4720932,1145
231689,"2018-02-02 15:19:42",SBIN,22527290,296.75
231690,"2018-02-02 15:19:42",ITC,33715205,275.3
231688,"2018-02-02 15:19:40",HDIL,23114741,51.25
231687,"2018-02-02 15:19:39",IDFCBANK,13902728,52.7
231686,"2018-02-02 15:19:38",JINDALSTEL,13892174,249.5
231684,"2018-02-02 15:19:34",HDFC,3170779,1905.45
231685,"2018-02-02 15:19:34",AXISBANK,5788722,562.1
231683,"2018-02-02 15:19:31",KOTAKBANK,2156095,1085.45
231682,"2018-02-02 15:19:28",HDFC,3167857,1905.45
231681,"2018-02-02 15:19:27",IDFCBANK,13891564,52.65
231679,"2018-02-02 15:19:25",ITC,33702997,275.35
231680,"2018-02-02 15:19:25",RELIANCE,12574546,904.8
231678,"2018-02-02 15:19:21",ICICIBANK,15978163,334.6
231677,"2018-02-02 15:19:20",AXISBANK,5785417,562.15
231676,"2018-02-02 15:19:19",INFY,4716184,1145
231675,"2018-02-02 15:19:18",RELIANCE,12573879,904.9
231674,"2018-02-02 15:19:17",MARUTI,928313,8954.95
231673,"2018-02-02 15:19:16",HDFC,3161199,1903.45
231672,"2018-02-02 15:19:09",HDIL,23089494,51.25
231670,"2018-02-02 15:19:07",RELIANCE,12559175,905.4
231671,"2018-02-02 15:19:07",IDFCBANK,13873368,52.6
231668,"2018-02-02 15:19:06",HDFCBANK,1754399,1945.35
231669,"2018-02-02 15:19:06",AXISBANK,5771866,562
231667,"2018-02-02 15:19:05",LT,3441585,1413.55
231666,"2018-02-02 15:19:04",JINDALSTEL,13849504,248.65
231665,"2018-02-02 15:19:01",JINDALSTEL,13847647,248.8
231664,"2018-02-02 15:19:00",INFY,4682003,1145.55
231663,"2018-02-02 15:18:59",ITC,33686057,275.4
231662,"2018-02-02 15:18:58",LT,3440414,1413.6
231660,"2018-02-02 15:18:56",AXISBANK,5761495,561.9
231661,"2018-02-02 15:18:56",HDIL,23046113,51.2
231659,"2018-02-02 15:18:55",HDFC,3160524,1903.4
231658,"2018-02-02 15:18:52",RELIANCE,12551227,904.55
231657,"2018-02-02 15:18:51",HDFC,3159819,1903.4
231656,"2018-02-02 15:18:50",MARUTI,927170,8953.95
231654,"2018-02-02 15:18:49",HDFCBANK,1751473,1945.45
231655,"2018-02-02 15:18:49",ICICIBANK,15963226,334.45
231653,"2018-02-02 15:18:48",AXISBANK,5758260,561.75
231652,"2018-02-02 15:18:45",AXISBANK,5753529,561.75
231651,"2018-02-02 15:18:44",IDFCBANK,13847657,52.6
231650,"2018-02-02 15:18:43",HDFC,3158804,1903.45
231649,"2018-02-02 15:18:40",INFY,4676170,1145.6
231648,"2018-02-02 15:18:38",ICICIBANK,15953788,334.5
231646,"2018-02-02 15:18:37",MARUTI,926331,8947.35
231647,"2018-02-02 15:18:37",KOTAKBANK,2147688,1084.5
231645,"2018-02-02 15:18:36",ICICIBANK,15923472,334.45
231644,"2018-02-02 15:18:33",ICICIBANK,15906847,334.5
231642,"2018-02-02 15:18:32",JINDALSTEL,13826277,248.9
231643,"2018-02-02 15:18:32",ICICIBANK,15923472,334.45
231641,"2018-02-02 15:18:30",AXISBANK,5747677,561.75
231640,"2018-02-02 15:18:29",SBIN,22399981,297.05
231639,"2018-02-02 15:18:26",ICICIBANK,15906847,334.5
231638,"2018-02-02 15:18:24",INFY,4666446,1145
231636,"2018-02-02 15:18:23",HDFCBANK,1745023,1945.5
231637,"2018-02-02 15:18:23",ITC,33606655,276.2
231635,"2018-02-02 15:18:21",LT,3430980,1415.35
231634,"2018-02-02 15:18:20",AXISBANK,5740411,562.2
231633,"2018-02-02 15:18:18",ITC,33591202,276.35
231631,"2018-02-02 15:18:14",RELIANCE,12502889,905
231632,"2018-02-02 15:18:14",AXISBANK,5738806,562.15
231629,"2018-02-02 15:18:13",KOTAKBANK,2144337,1085.15
231630,"2018-02-02 15:18:13",SBIN,22359736,297.1
231628,"2018-02-02 15:18:11",INFY,4641861,1145.55
231626,"2018-02-02 15:18:09",IDFCBANK,13795909,52.75
231627,"2018-02-02 15:18:09",INFY,4641016,1145
231624,"2018-02-02 15:18:07",KOTAKBANK,2144264,1085.15
231625,"2018-02-02 15:18:07",AXISBANK,5738296,562.35
231623,"2018-02-02 15:18:04",AXISBANK,5738075,562.35
231622,"2018-02-02 15:17:58",HDIL,22878063,51.2
231621,"2018-02-02 15:17:57",RELIANCE,12442505,904.4
231620,"2018-02-02 15:17:56",SBIN,22284213,297.2
231618,"2018-02-02 15:17:53",ITC,33578371,276.2
231619,"2018-02-02 15:17:53",INFY,4630260,1145.05
231615,"2018-02-02 15:17:50",HDFC,3148817,1904.55
231616,"2018-02-02 15:17:50",ICICIBANK,15854194,334.45
231617,"2018-02-02 15:17:50",MARUTI,917098,8973.05
231614,"2018-02-02 15:17:48",AXISBANK,5726163,562.45
231613,"2018-02-02 15:17:47",KOTAKBANK,2142979,1085.9
231612,"2018-02-02 15:17:46",LT,3427117,1415.1
231611,"2018-02-02 15:17:44",SBIN,22266080,297.2
231610,"2018-02-02 15:17:39",LT,3422256,1414.9
231609,"2018-02-02 15:17:38",IDFCBANK,13751539,52.7
231608,"2018-02-02 15:17:37",ICICIBANK,15847887,334.3
231607,"2018-02-02 15:17:36",RELIANCE,12423150,904
231606,"2018-02-02 15:17:32",ITC,33559919,276.15
231604,"2018-02-02 15:17:31",HDFCBANK,1729725,1946.85
231605,"2018-02-02 15:17:31",HDFC,3145729,1903.4
231603,"2018-02-02 15:17:30",AXISBANK,5718420,562.1
231602,"2018-02-02 15:17:24",ITC,33552416,276.2
231601,"2018-02-02 15:17:20",HDFCBANK,1729281,1947.05
231600,"2018-02-02 15:17:18",KOTAKBANK,2142413,1086.5
231599,"2018-02-02 15:17:17",MARUTI,913510,8978.45
231597,"2018-02-02 15:17:15",IDFCBANK,13698494,52.75
231598,"2018-02-02 15:17:15",AXISBANK,5714484,562.35
231596,"2018-02-02 15:17:14",SBIN,22237823,297.15
231595,"2018-02-02 15:17:13",ICICIBANK,15844919,334.3
231594,"2018-02-02 15:17:11",LT,3417986,1414.7
231592,"2018-02-02 15:17:03",SBIN,22229441,297.15
231593,"2018-02-02 15:17:03",HDFCBANK,1728961,1947.4
231590,"2018-02-02 15:17:02",AXISBANK,5709313,562.45
231591,"2018-02-02 15:17:02",HDIL,22764671,51.15
231589,"2018-02-02 15:17:01",HDFC,3142414,1903.05
231587,"2018-02-02 15:16:58",IDFCBANK,13678003,52.8
231588,"2018-02-02 15:16:58",MARUTI,910978,8982
231586,"2018-02-02 15:16:57",RELIANCE,12392132,904.35
231585,"2018-02-02 15:16:56",HDFCBANK,1728385,1947.95
231583,"2018-02-02 15:16:53",AXISBANK,5700491,562.6
231584,"2018-02-02 15:16:53",ITC,33530937,276.05
231582,"2018-02-02 15:16:52",JINDALSTEL,13777752,249.2
231581,"2018-02-02 15:16:51",KOTAKBANK,2141479,1086.45
231580,"2018-02-02 15:16:50",SBIN,22222996,297.1
231579,"2018-02-02 15:16:49",INFY,4615039,1145.4
231578,"2018-02-02 15:16:48",RELIANCE,12384332,904.4
231577,"2018-02-02 15:16:47",HDFC,3139452,1903.4
231575,"2018-02-02 15:16:42",JINDALSTEL,13775222,249.2
231576,"2018-02-02 15:16:42",ICICIBANK,15805118,334.6
231573,"2018-02-02 15:16:41",AXISBANK,5692619,562.5
231574,"2018-02-02 15:16:41",HDFCBANK,1726839,1946.5
231572,"2018-02-02 15:16:40",INFY,4612996,1145.1
231571,"2018-02-02 15:16:37",AXISBANK,5674726,563.2
231570,"2018-02-02 15:16:35",ICICIBANK,15786702,334.75
231568,"2018-02-02 15:16:33",LT,3410990,1414.3
231569,"2018-02-02 15:16:33",RELIANCE,12360254,904.4
231567,"2018-02-02 15:16:29",HDIL,22688842,51.2
231566,"2018-02-02 15:16:28",LT,3410220,1413.35
231564,"2018-02-02 15:16:27",MARUTI,904916,8989
231565,"2018-02-02 15:16:27",KOTAKBANK,2138278,1085.8
231563,"2018-02-02 15:16:23",HDFCBANK,1725661,1946.1
231559,"2018-02-02 15:16:21",INFY,4605067,1144.7
231560,"2018-02-02 15:16:21",ITC,33478735,276
231561,"2018-02-02 15:16:21",AXISBANK,5661261,562.95
231562,"2018-02-02 15:16:21",SBIN,22163892,297
231558,"2018-02-02 15:16:17",RELIANCE,12347842,904.05
231556,"2018-02-02 15:16:15",SBIN,22143636,297.15
231557,"2018-02-02 15:16:15",KOTAKBANK,2137463,1086
231555,"2018-02-02 15:16:13",HDFC,3127490,1900.75
231554,"2018-02-02 15:16:11",AXISBANK,5650365,562.75
231552,"2018-02-02 15:16:09",LT,3403292,1413.6
231553,"2018-02-02 15:16:09",ITC,33451674,276.15
231550,"2018-02-02 15:16:08",AXISBANK,5642498,562.6
231551,"2018-02-02 15:16:08",ITC,33445969,276.25
231549,"2018-02-02 15:16:07",ITC,33416013,276.5
231548,"2018-02-02 15:16:03",SBIN,22054631,297.35
231546,"2018-02-02 15:16:02",MARUTI,892689,9008.15
231547,"2018-02-02 15:16:02",AXISBANK,5577336,563.9
231545,"2018-02-02 15:16:00",ICICIBANK,15646173,334.9
231542,"2018-02-02 15:15:59",HDFC,3111460,1904.9
231543,"2018-02-02 15:15:59",INFY,4574723,1145.05
231544,"2018-02-02 15:15:59",KOTAKBANK,2136095,1085.95
231541,"2018-02-02 15:15:56",SBIN,21984401,297.1
231540,"2018-02-02 15:15:54",HDFCBANK,1714217,1948
231539,"2018-02-02 15:15:53",JINDALSTEL,13647255,250.5
231538,"2018-02-02 15:15:50",ITC,33378315,276.5
231536,"2018-02-02 15:15:49",AXISBANK,5570211,563.95
231537,"2018-02-02 15:15:49",ICICIBANK,15564679,334.8
231535,"2018-02-02 15:15:48",INFY,4562324,1145.65
231534,"2018-02-02 15:15:45",ICICIBANK,15536389,335
231531,"2018-02-02 15:15:43",INFY,4555756,1145
231532,"2018-02-02 15:15:43",JINDALSTEL,13635257,250.15
231533,"2018-02-02 15:15:43",HDFCBANK,1712735,1947.5
231529,"2018-02-02 15:15:42",HDFC,3107524,1903.85
231530,"2018-02-02 15:15:42",IDFCBANK,13556554,52.85
231526,"2018-02-02 15:15:37",RELIANCE,12201296,905.2
231527,"2018-02-02 15:15:37",ITC,33338475,276.9
231528,"2018-02-02 15:15:37",SBIN,21949800,297.5
231525,"2018-02-02 15:15:36",AXISBANK,5563940,563.95
231524,"2018-02-02 15:15:35",JINDALSTEL,13626831,250.05
231523,"2018-02-02 15:15:33",SBIN,21941191,297.6
231521,"2018-02-02 15:15:32",HDFCBANK,1712176,1947.25
231522,"2018-02-02 15:15:32",ICICIBANK,15518519,335.1
231520,"2018-02-02 15:15:31",IDFCBANK,13548648,52.9
231519,"2018-02-02 15:15:30",AXISBANK,5560969,564.4
231518,"2018-02-02 15:15:29",ITC,33319803,276.9
231517,"2018-02-02 15:15:27",HDFC,3105085,1906.4
231516,"2018-02-02 15:15:26",INFY,4552313,1145.2
231514,"2018-02-02 15:15:25",MARUTI,888004,9003.45
231515,"2018-02-02 15:15:25",MARUTI,888501,9004.7
231513,"2018-02-02 15:15:24",AXISBANK,5556231,564.5
231511,"2018-02-02 15:15:20",HDIL,22506767,51.3
231512,"2018-02-02 15:15:20",HDFCBANK,1709454,1948.25
231510,"2018-02-02 15:15:19",ITC,33274288,276.85
231509,"2018-02-02 15:15:18",IDFCBANK,13537884,52.85
231508,"2018-02-02 15:15:17",JINDALSTEL,13614328,250.25
231506,"2018-02-02 15:15:15",HDFC,3103097,1906.15
231507,"2018-02-02 15:15:15",LT,3384476,1416.5
231505,"2018-02-02 15:15:14",RELIANCE,12184106,905.45
231503,"2018-02-02 15:15:10",HDFC,3100075,1907
231504,"2018-02-02 15:15:10",RELIANCE,12171618,905.2
231501,"2018-02-02 15:15:09",AXISBANK,5552456,564.4
231502,"2018-02-02 15:15:09",KOTAKBANK,2129118,1087.1
231500,"2018-02-02 15:15:07",SBIN,21925692,297.7
231499,"2018-02-02 15:15:05",IDFCBANK,13530730,52.85
231498,"2018-02-02 15:15:03",KOTAKBANK,2127730,1086.7
231496,"2018-02-02 15:15:02",HDFC,3095896,1907.25
231497,"2018-02-02 15:15:02",RELIANCE,12164111,905
231495,"2018-02-02 15:15:01",ITC,33191426,276.7
231493,"2018-02-02 15:14:56",HDIL,22456548,51.35
231494,"2018-02-02 15:14:56",LT,3380404,1415.6
231492,"2018-02-02 15:14:54",AXISBANK,5544100,563.95
231491,"2018-02-02 15:14:50",KOTAKBANK,2126512,1086.5
231490,"2018-02-02 15:14:49",JINDALSTEL,13587991,250.15
231489,"2018-02-02 15:14:45",HDFC,3094824,1907
231487,"2018-02-02 15:14:44",INFY,4532281,1144.2
231488,"2018-02-02 15:14:44",LT,3377403,1415.6
231486,"2018-02-02 15:14:43",RELIANCE,12157288,905.2
231484,"2018-02-02 15:14:42",HDFC,3092452,1906.9
231485,"2018-02-02 15:14:42",IDFCBANK,13511210,52.85
231483,"2018-02-02 15:14:40",AXISBANK,5531075,564.1
231481,"2018-02-02 15:14:39",LT,3346676,1415
231482,"2018-02-02 15:14:39",IDFCBANK,13508205,52.85
231479,"2018-02-02 15:14:36",INFY,4526501,1144
231480,"2018-02-02 15:14:36",SBIN,21626510,298.2
231478,"2018-02-02 15:14:34",KOTAKBANK,2126258,1087.05
231477,"2018-02-02 15:14:32",AXISBANK,5528342,564.15
231476,"2018-02-02 15:14:31",SBIN,21887673,297.6
231475,"2018-02-02 15:14:30",KOTAKBANK,2123433,1086.15
231474,"2018-02-02 15:14:29",HDFCBANK,1699892,1948
231473,"2018-02-02 15:14:28",IDFCBANK,13504133,52.85
231472,"2018-02-02 15:14:25",ITC,33123465,276.4
231471,"2018-02-02 15:14:24",JINDALSTEL,13533085,250.35
231470,"2018-02-02 15:14:23",ICICIBANK,15415481,335.25
231469,"2018-02-02 15:14:22",AXISBANK,5521641,563.9
231468,"2018-02-02 15:14:21",INFY,4520920,1145.05
231467,"2018-02-02 15:14:19",HDIL,22391607,51.35
231466,"2018-02-02 15:14:17",IDFCBANK,13478020,52.95
231464,"2018-02-02 15:14:16",JINDALSTEL,13507296,251
231465,"2018-02-02 15:14:16",HDFCBANK,1683489,1949.75
231462,"2018-02-02 15:14:13",AXISBANK,5504614,564.65
231463,"2018-02-02 15:14:13",ITC,33081441,276.45
231461,"2018-02-02 15:14:11",ICICIBANK,15216056,335.85
231459,"2018-02-02 15:14:10",JINDALSTEL,13517995,250.7
231460,"2018-02-02 15:14:10",LT,3370893,1416.7
231458,"2018-02-02 15:14:09",MARUTI,883526,9010.05
231457,"2018-02-02 15:14:08",INFY,4514780,1145
231456,"2018-02-02 15:14:07",AXISBANK,5515974,564.45
231455,"2018-02-02 15:14:06",LT,3370336,1416.7
231454,"2018-02-02 15:14:05",AXISBANK,5511638,563.85
231451,"2018-02-02 15:14:03",HDFCBANK,1696350,1948.5
231452,"2018-02-02 15:14:03",SBIN,21792581,298
231453,"2018-02-02 15:14:03",JINDALSTEL,13510292,251.2
231450,"2018-02-02 15:14:01",LT,3368155,1416.4
231449,"2018-02-02 15:13:59",MARUTI,882996,9011.35
231447,"2018-02-02 15:13:58",AXISBANK,5499701,565.3
231448,"2018-02-02 15:13:58",INFY,4512743,1145.1
231445,"2018-02-02 15:13:57",JINDALSTEL,13505996,251
231446,"2018-02-02 15:13:57",SBIN,21784718,298.1
231444,"2018-02-02 15:13:52",HDFC,3077470,1907
231442,"2018-02-02 15:13:50",HDIL,22360570,51.35
231443,"2018-02-02 15:13:50",KOTAKBANK,2120493,1087.75
231441,"2018-02-02 15:13:48",MARUTI,882633,9011.35
231440,"2018-02-02 15:13:45",LT,3362693,1416.55
231439,"2018-02-02 15:13:43",IDFCBANK,13460121,53
231437,"2018-02-02 15:13:39",AXISBANK,5492327,565.6
231438,"2018-02-02 15:13:39",INFY,4504064,1145
231436,"2018-02-02 15:13:38",ITC,33072585,276.4
231435,"2018-02-02 15:13:37",HDFC,3070975,1907.9
231434,"2018-02-02 15:13:35",HDFC,3070325,1907.9
231431,"2018-02-02 15:13:33",RELIANCE,12024479,905.05
231432,"2018-02-02 15:13:33",LT,3336418,1414.4
231433,"2018-02-02 15:13:33",HDFCBANK,1681690,1950
231430,"2018-02-02 15:13:29",HDIL,22330570,51.35
231429,"2018-02-02 15:13:28",JINDALSTEL,13474062,250.7
231428,"2018-02-02 15:13:27",SBIN,21578629,298.3
231426,"2018-02-02 15:13:26",KOTAKBANK,2115600,1087.8
231427,"2018-02-02 15:13:26",AXISBANK,5485420,565.65
231425,"2018-02-02 15:13:24",LT,3357734,1416.25
231424,"2018-02-02 15:13:20",HDFCBANK,1688573,1950.1
231423,"2018-02-02 15:13:19",AXISBANK,5478385,565.3
231422,"2018-02-02 15:13:18",ITC,33038176,276.45
231421,"2018-02-02 15:13:17",IDFCBANK,13451370,52.95
231420,"2018-02-02 15:13:16",RELIANCE,12093031,905.25
231418,"2018-02-02 15:13:15",SBIN,21676806,298
231419,"2018-02-02 15:13:15",HDFC,3069346,1907.55
231417,"2018-02-02 15:13:11",IDFCBANK,13428624,53
231416,"2018-02-02 15:13:10",HDIL,22302338,51.4
231414,"2018-02-02 15:13:07",SBIN,21647091,298.3
231415,"2018-02-02 15:13:07",MARUTI,879918,9008.6
231412,"2018-02-02 15:13:05",HDFCBANK,1687424,1950.6
231413,"2018-02-02 15:13:05",KOTAKBANK,2109542,1088.7
231411,"2018-02-02 15:13:02",ITC,33011535,276.4
231410,"2018-02-02 15:13:01",AXISBANK,5468552,565.35
231407,"2018-02-02 15:12:57",MARUTI,879495,9008.55
231408,"2018-02-02 15:12:57",KOTAKBANK,2108560,1088.85
231409,"2018-02-02 15:12:57",HDFCBANK,1685865,1949.55
231406,"2018-02-02 15:12:55",LT,3350069,1415.8
231404,"2018-02-02 15:12:52",RELIANCE,12071929,905
231405,"2018-02-02 15:12:52",HDFC,3062407,1907
231403,"2018-02-02 15:12:46",INFY,4484547,1145.5
231401,"2018-02-02 15:12:42",AXISBANK,5454823,565.6
231402,"2018-02-02 15:12:42",HDIL,22276159,51.35
231400,"2018-02-02 15:12:40",ITC,32976721,276.15
231399,"2018-02-02 15:12:39",IDFCBANK,13384810,53
231398,"2018-02-02 15:12:37",JINDALSTEL,13460518,251.25
231397,"2018-02-02 15:12:35",HDFC,3057731,1905.95
231395,"2018-02-02 15:12:32",ICICIBANK,15272669,335.75
231396,"2018-02-02 15:12:32",KOTAKBANK,2107235,1089.1
231394,"2018-02-02 15:12:31",HDFCBANK,1685266,1949.4
231393,"2018-02-02 15:12:29",IDFCBANK,13383960,53.05
231392,"2018-02-02 15:12:28",AXISBANK,5449268,565.95
231391,"2018-02-02 15:12:26",SBIN,21618629,298.15
231389,"2018-02-02 15:12:25",MARUTI,878990,9008.75
231390,"2018-02-02 15:12:25",JINDALSTEL,13447809,251
231387,"2018-02-02 15:12:22",IDFCBANK,13369782,53.05
231388,"2018-02-02 15:12:22",ITC,32950404,275.95
231385,"2018-02-02 15:12:19",INFY,4480314,1145.3
231386,"2018-02-02 15:12:19",HDFC,3056312,1905.9
231384,"2018-02-02 15:12:18",AXISBANK,5445868,566.25
231383,"2018-02-02 15:12:16",LT,3315501,1414.9
231381,"2018-02-02 15:12:15",HDIL,22233144,51.35
231382,"2018-02-02 15:12:15",HDFCBANK,1662275,1950.6
231380,"2018-02-02 15:12:12",HDFC,3053269,1905.85
231379,"2018-02-02 15:12:11",IDFCBANK,13365521,53
231378,"2018-02-02 15:12:10",HDFC,3052349,1905.85
231377,"2018-02-02 15:12:08",HDIL,22229809,51.4
231376,"2018-02-02 15:12:07",KOTAKBANK,2103574,1089.85
231375,"2018-02-02 15:12:06",ITC,32920381,275.95
231374,"2018-02-02 15:12:03",JINDALSTEL,13430436,251.7
231373,"2018-02-02 15:12:01",SBIN,21587440,298.45
231372,"2018-02-02 15:12:00",AXISBANK,5430825,566.85
231371,"2018-02-02 15:11:59",LT,3339808,1414.55
231370,"2018-02-02 15:11:58",MARUTI,876196,9009.95
231369,"2018-02-02 15:11:56",HDFCBANK,1683370,1949.8
231368,"2018-02-02 15:11:52",HDFC,3051248,1905.75
231367,"2018-02-02 15:11:48",AXISBANK,5423381,566.55
231366,"2018-02-02 15:11:47",RELIANCE,12032234,905
231365,"2018-02-02 15:11:46",ITC,32907806,275.85
231364,"2018-02-02 15:11:45",RELIANCE,12022717,905.1
231363,"2018-02-02 15:11:44",ICICIBANK,15177635,335.75
231362,"2018-02-02 15:11:41",HDFCBANK,1681690,1950
231361,"2018-02-02 15:11:39",KOTAKBANK,2102932,1090.05
231359,"2018-02-02 15:11:38",AXISBANK,5415745,566.15
231360,"2018-02-02 15:11:38",HDIL,22157968,51.45
231358,"2018-02-02 15:11:36",SBIN,21578629,298.3
231357,"2018-02-02 15:11:34",LT,3330717,1414.05
231356,"2018-02-02 15:11:32",HDFC,3043039,1904.55
231355,"2018-02-02 15:11:30",ICICIBANK,15115209,335.75
231354,"2018-02-02 15:11:29",IDFCBANK,13322594,52.9
231353,"2018-02-02 15:11:28",AXISBANK,5405000,566.15
231351,"2018-02-02 15:11:20",ICICIBANK,15133854,335.9
231352,"2018-02-02 15:11:20",LT,3333519,1414.3
231349,"2018-02-02 15:11:19",INFY,4443232,1144.5
231350,"2018-02-02 15:11:19",RELIANCE,12008916,905.05
231348,"2018-02-02 15:11:18",AXISBANK,5400562,565.45
231347,"2018-02-02 15:11:16",MARUTI,874679,9005.05
231346,"2018-02-02 15:11:14",IDFCBANK,13322069,52.9
231345,"2018-02-02 15:11:13",ITC,32815352,275.75
231344,"2018-02-02 15:11:04",MARUTI,873933,9005.2
231343,"2018-02-02 15:11:03",HDFCBANK,1677894,1949.45
231342,"2018-02-02 15:11:02",AXISBANK,5387227,566.15
231341,"2018-02-02 15:11:01",HDFC,3033315,1905
231339,"2018-02-02 15:11:00",LT,3328403,1413.6
231340,"2018-02-02 15:11:00",JINDALSTEL,13379855,251.7
231338,"2018-02-02 15:10:57",LT,3327676,1413.6
231337,"2018-02-02 15:10:56",HDFC,3031226,1904.35
231334,"2018-02-02 15:10:54",SBIN,21512368,298.15
231335,"2018-02-02 15:10:54",KOTAKBANK,2099604,1089.3
231336,"2018-02-02 15:10:54",RELIANCE,11981093,904.65
231333,"2018-02-02 15:10:51",INFY,4434466,1144.2
231332,"2018-02-02 15:10:47",HDFC,3029436,1904.45
231331,"2018-02-02 15:10:43",ITC,32764801,275.15
231330,"2018-02-02 15:10:42",LT,3326380,1413.8
231328,"2018-02-02 15:10:41",AXISBANK,5331100,564.85
231329,"2018-02-02 15:10:41",JINDALSTEL,13361836,251.85
231327,"2018-02-02 15:10:40",KOTAKBANK,2099278,1089.1
231325,"2018-02-02 15:10:39",INFY,4430875,1144.05
231326,"2018-02-02 15:10:39",MARUTI,872874,9003.15
231324,"2018-02-02 15:10:35",ICICIBANK,15051980,335.7
231322,"2018-02-02 15:10:34",MARUTI,872757,9000
231323,"2018-02-02 15:10:34",AXISBANK,5329659,564.95
231320,"2018-02-02 15:10:29",KOTAKBANK,2099272,1089.45
231321,"2018-02-02 15:10:29",AXISBANK,5328720,564.95
231318,"2018-02-02 15:10:28",MARUTI,870962,9008.35
231319,"2018-02-02 15:10:28",LT,3320185,1414.7
231316,"2018-02-02 15:10:26",RELIANCE,11948683,905.05
231317,"2018-02-02 15:10:26",KOTAKBANK,2098774,1089.8
231314,"2018-02-02 15:10:24",AXISBANK,5325455,565.7
231315,"2018-02-02 15:10:24",ICICIBANK,15017028,335.7
231313,"2018-02-02 15:10:22",ITC,32709262,275.15
231312,"2018-02-02 15:10:21",IDFCBANK,13135554,52.95
231311,"2018-02-02 15:10:20",AXISBANK,5323181,565.75
231310,"2018-02-02 15:10:19",LT,3318304,1414.8
231309,"2018-02-02 15:10:18",HDFCBANK,1666363,1950.05
231308,"2018-02-02 15:10:17",HDFCBANK,1664112,1950.55
231307,"2018-02-02 15:10:16",SBIN,21419820,298.6
231306,"2018-02-02 15:10:15",ICICIBANK,15002367,335.8
231305,"2018-02-02 15:10:14",LT,3317644,1414.9
231303,"2018-02-02 15:10:12",AXISBANK,5320297,565.65
231304,"2018-02-02 15:10:12",HDIL,22058032,51.55
231301,"2018-02-02 15:10:11",RELIANCE,11933257,905
231302,"2018-02-02 15:10:11",ITC,32695208,275.6
231299,"2018-02-02 15:10:09",MARUTI,870121,9007.15
231300,"2018-02-02 15:10:09",HDFCBANK,1663272,1950.25
231298,"2018-02-02 15:10:07",AXISBANK,5316259,565.8
231297,"2018-02-02 15:10:05",SBIN,21412422,298.8
231294,"2018-02-02 15:10:04",INFY,4400726,1144.1
231295,"2018-02-02 15:10:04",IDFCBANK,13127712,53
231296,"2018-02-02 15:10:04",HDIL,22048805,51.55
231292,"2018-02-02 15:10:01",AXISBANK,5309642,565.65
231293,"2018-02-02 15:10:01",HDFC,3015444,1905.1
231291,"2018-02-02 15:09:59",ITC,32680673,275.75
231290,"2018-02-02 15:09:58",RELIANCE,11916502,905.05
231288,"2018-02-02 15:09:57",HDFC,3011488,1904.75
231289,"2018-02-02 15:09:57",ITC,32662755,275.85
231287,"2018-02-02 15:09:55",IDFCBANK,13094778,53.1
231285,"2018-02-02 15:09:52",ICICIBANK,14970925,335.75
231286,"2018-02-02 15:09:52",AXISBANK,5279952,564.65
231284,"2018-02-02 15:09:51",MARUTI,869641,9007.1
231283,"2018-02-02 15:09:49",HDIL,22024549,51.5
231281,"2018-02-02 15:09:44",RELIANCE,11903458,905.1
231282,"2018-02-02 15:09:44",AXISBANK,5271115,564.35
231280,"2018-02-02 15:09:43",HDFC,3001936,1903.65
231279,"2018-02-02 15:09:41",MARUTI,867980,9008.05
231278,"2018-02-02 15:09:39",INFY,4387311,1143.2
231277,"2018-02-02 15:09:34",HDFC,3000712,1903.7
231276,"2018-02-02 15:09:31",SBIN,21380886,298.65
231275,"2018-02-02 15:09:30",LT,3310145,1414.95
231273,"2018-02-02 15:09:29",AXISBANK,5270235,564.35
231274,"2018-02-02 15:09:29",ITC,32647660,275.45
231272,"2018-02-02 15:09:26",ICICIBANK,14950122,335.65
231271,"2018-02-02 15:09:25",SBIN,21221708,298.55
231269,"2018-02-02 15:09:24",HDFCBANK,1645515,1949.85
231270,"2018-02-02 15:09:24",RELIANCE,11799699,906.25
231268,"2018-02-02 15:09:22",JINDALSTEL,13296109,252
231266,"2018-02-02 15:09:19",INFY,4374555,1143.55
231267,"2018-02-02 15:09:19",MARUTI,860376,9016.65
231265,"2018-02-02 15:09:18",HDIL,22002994,51.5
231264,"2018-02-02 15:09:17",HDFC,2996795,1903.45
231262,"2018-02-02 15:09:13",HDFCBANK,1655036,1950
231263,"2018-02-02 15:09:13",ITC,32622943,275.4
231261,"2018-02-02 15:09:08",AXISBANK,5261863,563.8
231258,"2018-02-02 15:09:06",KOTAKBANK,2091245,1090.4
231259,"2018-02-02 15:09:06",INFY,4379248,1143.2
231260,"2018-02-02 15:09:06",IDFCBANK,12871523,53.1
231256,"2018-02-02 15:09:01",RELIANCE,11880767,905.15
231257,"2018-02-02 15:09:01",HDIL,21998942,51.5
231255,"2018-02-02 15:09:00",IDFCBANK,12865083,53
231254,"2018-02-02 15:08:59",HDFCBANK,1652711,1949.5
231252,"2018-02-02 15:08:55",HDFC,2991369,1903.9
231253,"2018-02-02 15:08:55",AXISBANK,5244256,564
231250,"2018-02-02 15:08:54",ITC,32607744,275.35
231251,"2018-02-02 15:08:54",INFY,4375326,1143.65
231249,"2018-02-02 15:08:53",ICICIBANK,14918216,335.7
231248,"2018-02-02 15:08:52",LT,3304885,1414.85
231247,"2018-02-02 15:08:49",HDIL,21994744,51.55
231246,"2018-02-02 15:08:48",INFY,4373659,1143.25
231245,"2018-02-02 15:08:45",SBIN,21345289,298.65
231244,"2018-02-02 15:08:44",AXISBANK,5239374,564.2
231242,"2018-02-02 15:08:42",RELIANCE,11878408,905.15
231243,"2018-02-02 15:08:42",HDFCBANK,1651582,1949.55
231241,"2018-02-02 15:08:39",ITC,32584148,275.25
231239,"2018-02-02 15:08:37",KOTAKBANK,2087352,1090
231240,"2018-02-02 15:08:37",IDFCBANK,12822278,53
231238,"2018-02-02 15:08:35",HDFCBANK,1648793,1949.45
231236,"2018-02-02 15:08:34",AXISBANK,5236488,564.2
231237,"2018-02-02 15:08:34",MARUTI,862468,9008.5
231234,"2018-02-02 15:08:31",ICICIBANK,14890982,335.5
231235,"2018-02-02 15:08:31",LT,3294290,1414.9
231233,"2018-02-02 15:08:29",RELIANCE,11747847,906.6
231232,"2018-02-02 15:08:28",KOTAKBANK,2082827,1089.35
231231,"2018-02-02 15:08:25",LT,3297136,1414.95
231230,"2018-02-02 15:08:24",SBIN,21328745,298.15
231229,"2018-02-02 15:08:23",IDFCBANK,12810085,52.9
231228,"2018-02-02 15:08:21",HDFC,2984812,1903.45
231226,"2018-02-02 15:08:20",HDIL,21972332,51.5
231227,"2018-02-02 15:08:20",AXISBANK,5232710,564.5
231225,"2018-02-02 15:08:19",AXISBANK,5232410,564.5
231224,"2018-02-02 15:08:15",KOTAKBANK,2082490,1089.15
231223,"2018-02-02 15:08:14",HDFCBANK,1650004,1949
231219,"2018-02-02 15:08:11",AXISBANK,5228760,564.55
231220,"2018-02-02 15:08:11",INFY,4353100,1142.1
231221,"2018-02-02 15:08:11",LT,3296226,1414.95
231222,"2018-02-02 15:08:11",ICICIBANK,14906460,335.7
231218,"2018-02-02 15:08:07",HDFCBANK,1645515,1949.85
231217,"2018-02-02 15:08:02",SBIN,21314161,298.3
231216,"2018-02-02 15:08:01",IDFCBANK,12618544,52.9
231213,"2018-02-02 15:08:00",INFY,4347182,1142.05
231214,"2018-02-02 15:08:00",AXISBANK,5220564,564.9
231215,"2018-02-02 15:08:00",ICICIBANK,14881601,335.5
231211,"2018-02-02 15:07:58",KOTAKBANK,2081109,1090.75
231212,"2018-02-02 15:07:58",ITC,32527859,275
231210,"2018-02-02 15:07:56",IDFCBANK,12595452,53
231208,"2018-02-02 15:07:55",HDFC,2970803,1902.95
231209,"2018-02-02 15:07:55",HDFCBANK,1648678,1949.4
231207,"2018-02-02 15:07:50",HDFCBANK,1636806,1951.15
231206,"2018-02-02 15:07:49",INFY,4336185,1142.55
231203,"2018-02-02 15:07:48",HDIL,21805967,51.5
231204,"2018-02-02 15:07:48",KOTAKBANK,2079992,1091.7
231205,"2018-02-02 15:07:48",ICICIBANK,14793081,335.65
231202,"2018-02-02 15:07:46",RELIANCE,11749661,906.8
231201,"2018-02-02 15:07:45",LT,3261786,1415.7
231200,"2018-02-02 15:07:43",AXISBANK,5192369,566.65
231199,"2018-02-02 15:07:41",SBIN,21119885,298.8
231198,"2018-02-02 15:07:39",INFY,4304082,1141
231196,"2018-02-02 15:07:36",AXISBANK,5172674,568.05
231197,"2018-02-02 15:07:36",ITC,32297810,275.4
231192,"2018-02-02 15:07:34",HDFCBANK,1626373,1950.5
231193,"2018-02-02 15:07:34",LT,3250200,1416.25
231194,"2018-02-02 15:07:34",ICICIBANK,14611113,335.75
231195,"2018-02-02 15:07:34",KOTAKBANK,2068333,1091.65
231191,"2018-02-02 15:07:32",HDFC,2958362,1904.55
231189,"2018-02-02 15:07:28",KOTAKBANK,2080038,1091.45
231190,"2018-02-02 15:07:28",RELIANCE,11804648,906.35
231188,"2018-02-02 15:07:27",ITC,32442227,275.15
231186,"2018-02-02 15:07:19",SBIN,21228456,298.45
231187,"2018-02-02 15:07:19",AXISBANK,5194989,566.35
231185,"2018-02-02 15:07:18",INFY,4339754,1142.55
231184,"2018-02-02 15:07:17",HDIL,21806193,51.5
231183,"2018-02-02 15:07:16",ICICIBANK,14851788,335.65
231182,"2018-02-02 15:07:14",IDFCBANK,12521005,52.75
231181,"2018-02-02 15:07:13",HDFC,2944822,1902.9
231180,"2018-02-02 15:07:12",KOTAKBANK,2063791,1090.75
231179,"2018-02-02 15:07:11",ICICIBANK,14573855,335.35
231177,"2018-02-02 15:07:08",ITC,32251084,275.45
231178,"2018-02-02 15:07:08",AXISBANK,5084629,566.9
231176,"2018-02-02 15:07:07",SBIN,21010363,298.4
231175,"2018-02-02 15:07:05",RELIANCE,11700368,905.85
231174,"2018-02-02 15:07:04",MARUTI,857815,9018
231173,"2018-02-02 15:07:03",JINDALSTEL,13249909,252.85
231171,"2018-02-02 15:07:02",HDFC,2959202,1904.7
231172,"2018-02-02 15:07:02",HDFCBANK,1636806,1951.15
231170,"2018-02-02 15:07:01",ITC,32324438,275
231169,"2018-02-02 15:06:59",HDIL,21675218,51.5
231168,"2018-02-02 15:06:57",KOTAKBANK,2069622,1091.6
231167,"2018-02-02 15:06:55",AXISBANK,5179476,567.65
231166,"2018-02-02 15:06:52",AXISBANK,5021005,566.1
231163,"2018-02-02 15:06:51",SBIN,20975913,298.2
231164,"2018-02-02 15:06:51",HDIL,21555728,51.45
231165,"2018-02-02 15:06:51",ITC,31780917,275.6
231162,"2018-02-02 15:06:49",HDFC,2939615,1902.05
231161,"2018-02-02 15:06:46",ICICIBANK,14532689,335.45
231160,"2018-02-02 15:06:45",MARUTI,851684,9006.55
231159,"2018-02-02 15:06:43",RELIANCE,11687614,905.1
231158,"2018-02-02 15:06:42",KOTAKBANK,2067585,1091.45
231157,"2018-02-02 15:06:41",SBIN,21119885,298.8
231156,"2018-02-02 15:06:37",LT,3261786,1415.7
231155,"2018-02-02 15:06:36",HDFCBANK,1636545,1951.1
231154,"2018-02-02 15:06:35",AXISBANK,5150460,567.6
231153,"2018-02-02 15:06:34",INFY,4297329,1141.25
231152,"2018-02-02 15:06:33",MARUTI,857314,9018.5
231150,"2018-02-02 15:06:30",HDFC,2952953,1904.25
231151,"2018-02-02 15:06:30",HDIL,21603011,51.5
231149,"2018-02-02 15:06:29",ICICIBANK,14772080,335.55
231147,"2018-02-02 15:06:28",KOTAKBANK,2063813,1090.75
231148,"2018-02-02 15:06:28",LT,3254549,1416.1
231146,"2018-02-02 15:06:26",HDFCBANK,1603368,1951.75
231145,"2018-02-02 15:06:25",LT,3232527,1417
231144,"2018-02-02 15:06:20",JINDALSTEL,13221456,251.5
231141,"2018-02-02 15:06:19",AXISBANK,4999774,565.3
231142,"2018-02-02 15:06:19",IDFCBANK,12341420,52.9
231143,"2018-02-02 15:06:19",KOTAKBANK,2055248,1089.9
231140,"2018-02-02 15:06:18",ICICIBANK,14563649,335.6
231139,"2018-02-02 15:06:17",JINDALSTEL,13227911,251.6
231138,"2018-02-02 15:06:15",SBIN,20993212,298.3
231136,"2018-02-02 15:06:14",KOTAKBANK,2067478,1091
231137,"2018-02-02 15:06:14",AXISBANK,5145725,567.6
231134,"2018-02-02 15:06:12",LT,3268158,1414.95
231135,"2018-02-02 15:06:12",HDIL,21601596,51.5
231132,"2018-02-02 15:06:07",HDIL,21423160,51.55
231133,"2018-02-02 15:06:07",AXISBANK,4985174,565.1
231131,"2018-02-02 15:06:06",ICICIBANK,14481646,335.45
231129,"2018-02-02 15:06:04",AXISBANK,5127245,567.05
231130,"2018-02-02 15:06:04",SBIN,21119885,298.8
231128,"2018-02-02 15:06:02",SBIN,21108011,298.65
231127,"2018-02-02 15:06:01",IDFCBANK,12530308,52.85
231126,"2018-02-02 15:05:59",INFY,4291405,1140.9
231124,"2018-02-02 15:05:57",JINDALSTEL,13238944,252.45
231125,"2018-02-02 15:05:57",ITC,32254196,275.45
231123,"2018-02-02 15:05:55",AXISBANK,5118129,566.65
231122,"2018-02-02 15:05:53",ICICIBANK,14726900,335.7
231121,"2018-02-02 15:05:52",HDFC,2943297,1902.05
231119,"2018-02-02 15:05:50",ITC,32246317,275.6
231120,"2018-02-02 15:05:50",JINDALSTEL,13237223,252.4
231118,"2018-02-02 15:05:48",HDFCBANK,1635092,1950.85
231117,"2018-02-02 15:05:47",INFY,4289214,1140.9
231115,"2018-02-02 15:05:46",IDFCBANK,12502967,52.75
231116,"2018-02-02 15:05:46",HDIL,21570315,51.45
231114,"2018-02-02 15:05:45",KOTAKBANK,2063717,1090.7
231113,"2018-02-02 15:05:42",AXISBANK,5032400,566.3
231111,"2018-02-02 15:05:40",KOTAKBANK,2063306,1091.05
231112,"2018-02-02 15:05:40",ICICIBANK,14686841,335.85
231110,"2018-02-02 15:05:37",RELIANCE,11729811,905.8
231109,"2018-02-02 15:05:35",JINDALSTEL,13230702,251.9
231106,"2018-02-02 15:05:33",AXISBANK,5025482,565.7
231107,"2018-02-02 15:05:33",HDFC,2940991,1902.05
231108,"2018-02-02 15:05:33",ITC,31792837,275.65
231104,"2018-02-02 15:05:30",MARUTI,856304,9013.4
231105,"2018-02-02 15:05:30",LT,3253469,1416.2
231103,"2018-02-02 15:05:26",IDFCBANK,12411665,52.75
231102,"2018-02-02 15:05:25",MARUTI,855168,9010
231101,"2018-02-02 15:05:23",ITC,31767532,275.6
231100,"2018-02-02 15:05:22",JINDALSTEL,13227946,251.6
231098,"2018-02-02 15:05:21",AXISBANK,5018974,565.9
231099,"2018-02-02 15:05:21",SBIN,21071965,298.75
231096,"2018-02-02 15:05:19",INFY,4274708,1140.9
231097,"2018-02-02 15:05:19",HDFCBANK,1626995,1950.5
231095,"2018-02-02 15:05:17",HDFCBANK,1623152,1950.5
231094,"2018-02-02 15:05:16",AXISBANK,4999774,565.3
231093,"2018-02-02 15:05:14",HDFC,2926619,1901.9
231092,"2018-02-02 15:05:12",MARUTI,854449,9007.5
231091,"2018-02-02 15:05:11",SBIN,21029782,298.35
231089,"2018-02-02 15:05:10",HDIL,21540145,51.45
231090,"2018-02-02 15:05:10",ICICIBANK,14588395,335.7
231087,"2018-02-02 15:05:08",RELIANCE,11712931,906.15
231088,"2018-02-02 15:05:08",ITC,31749712,275.5
231086,"2018-02-02 15:05:05",INFY,4275642,1140.95
231085,"2018-02-02 15:05:04",ITC,31749917,275.65
231083,"2018-02-02 15:04:59",IDFCBANK,12345337,52.9
231084,"2018-02-02 15:04:59",KOTAKBANK,2055552,1089.4
231080,"2018-02-02 15:04:58",HDFCBANK,1622442,1950.3
231081,"2018-02-02 15:04:58",MARUTI,853868,9005
231082,"2018-02-02 15:04:58",AXISBANK,5001120,565.45
231078,"2018-02-02 15:04:54",MARUTI,850527,9006.75
231079,"2018-02-02 15:04:54",SBIN,21018873,298.4
231077,"2018-02-02 15:04:53",KOTAKBANK,2053099,1090
231076,"2018-02-02 15:04:52",SBIN,21010798,298.25
231075,"2018-02-02 15:04:50",LT,3242948,1415.75
231074,"2018-02-02 15:04:46",HDFC,2925320,1901.95
231072,"2018-02-02 15:04:45",AXISBANK,4995852,565.4
231073,"2018-02-02 15:04:45",INFY,4272064,1140.85
231070,"2018-02-02 15:04:43",HDFCBANK,1621348,1950.6
231071,"2018-02-02 15:04:43",RELIANCE,11700418,905.85
231068,"2018-02-02 15:04:41",HDFCBANK,1595017,1952.8
231069,"2018-02-02 15:04:41",ITC,31663995,274.75
231067,"2018-02-02 15:04:40",LT,3226389,1416.75
231066,"2018-02-02 15:04:38",MARUTI,849763,9005.05
231065,"2018-02-02 15:04:35",ITC,31525435,274.85
231064,"2018-02-02 15:04:34",AXISBANK,4964734,565.9
231063,"2018-02-02 15:04:32",JINDALSTEL,13170401,251.4
231062,"2018-02-02 15:04:31",MARUTI,844857,9006.85
231061,"2018-02-02 15:04:30",KOTAKBANK,2053405,1089.5
231060,"2018-02-02 15:04:29",LT,3213158,1414.45
231058,"2018-02-02 15:04:28",MARUTI,852172,9005
231059,"2018-02-02 15:04:28",RELIANCE,11694878,905.25
231056,"2018-02-02 15:04:23",HDFC,2923429,1901.6
231057,"2018-02-02 15:04:23",INFY,4263587,1140.75
231055,"2018-02-02 15:04:20",HDIL,21417528,51.5
231054,"2018-02-02 15:04:19",JINDALSTEL,13194191,251.25
231053,"2018-02-02 15:04:18",MARUTI,852006,9005
231052,"2018-02-02 15:04:17",AXISBANK,4978645,565.3
231051,"2018-02-02 15:04:15",LT,3237407,1415.45
231049,"2018-02-02 15:04:14",ITC,31684608,274.75
231050,"2018-02-02 15:04:14",ICICIBANK,14533408,335.3
231048,"2018-02-02 15:04:11",INFY,4260661,1140.65
231043,"2018-02-02 15:04:09",HDFC,2921886,1900.6
231044,"2018-02-02 15:04:09",AXISBANK,4976334,565.45
231045,"2018-02-02 15:04:09",ICICIBANK,14534519,335.3
231046,"2018-02-02 15:04:09",SBIN,20976077,298.3
231047,"2018-02-02 15:04:09",INFY,4260616,1140.5
231042,"2018-02-02 15:04:07",MARUTI,851726,9006.4
231041,"2018-02-02 15:04:04",LT,3213158,1414.45
231040,"2018-02-02 15:04:02",RELIANCE,11642229,906.15
231039,"2018-02-02 15:04:00",INFY,4249043,1140
231038,"2018-02-02 15:03:56",HDIL,21400814,51.5
231037,"2018-02-02 15:03:55",KOTAKBANK,2044085,1091.25
231036,"2018-02-02 15:03:54",AXISBANK,4970200,565.9
231035,"2018-02-02 15:03:52",JINDALSTEL,13173168,251.25
231034,"2018-02-02 15:03:51",ITC,31603835,274.85
231032,"2018-02-02 15:03:50",MARUTI,848827,9005.15
231033,"2018-02-02 15:03:50",SBIN,20901616,298.2
231031,"2018-02-02 15:03:47",SBIN,20943931,298.15
231030,"2018-02-02 15:03:46",MARUTI,850402,9006.75
231029,"2018-02-02 15:03:45",ICICIBANK,14500509,335.65
231028,"2018-02-02 15:03:42",HDIL,21401281,51.5
231026,"2018-02-02 15:03:41",IDFCBANK,12275637,52.9
231027,"2018-02-02 15:03:41",JINDALSTEL,13174289,251
231025,"2018-02-02 15:03:40",ICICIBANK,14489728,335.7
231024,"2018-02-02 15:03:39",AXISBANK,4970454,565.9
231023,"2018-02-02 15:03:35",JINDALSTEL,13170793,251.5
231022,"2018-02-02 15:03:31",KOTAKBANK,2042962,1090.55
231021,"2018-02-02 15:03:30",HDFC,2909600,1900.35
231019,"2018-02-02 15:03:29",HDIL,21345360,51.55
231020,"2018-02-02 15:03:29",SBIN,20935673,298.25
231018,"2018-02-02 15:03:27",ITC,31540485,274.85
231016,"2018-02-02 15:03:24",LT,3227677,1416.85
231017,"2018-02-02 15:03:24",AXISBANK,4968503,566
231015,"2018-02-02 15:03:22",LT,3223996,1416.8
231014,"2018-02-02 15:03:20",RELIANCE,11645906,906.05
231013,"2018-02-02 15:03:17",KOTAKBANK,2041458,1090.3
231012,"2018-02-02 15:03:14",SBIN,20906956,298.2
231011,"2018-02-02 15:03:13",AXISBANK,4961872,566.35
231010,"2018-02-02 15:03:12",HDFCBANK,1593891,1952.8
231009,"2018-02-02 15:03:10",INFY,4209652,1139.15
231008,"2018-02-02 15:03:07",AXISBANK,4956999,565.35
231007,"2018-02-02 15:03:06",HDFCBANK,1590702,1952.7
231006,"2018-02-02 15:03:04",INFY,4180375,1137.95
231005,"2018-02-02 15:03:01",ICICIBANK,14435799,335.85
231003,"2018-02-02 15:03:00",KOTAKBANK,2040261,1090.15
231004,"2018-02-02 15:03:00",LT,3217926,1414.05
231002,"2018-02-02 15:02:59",IDFCBANK,12248922,53
231001,"2018-02-02 15:02:55",HDFC,2892234,1900.7
231000,"2018-02-02 15:02:53",MARUTI,836249,9008.25
230999,"2018-02-02 15:02:51",KOTAKBANK,2035743,1091.25
230997,"2018-02-02 15:02:48",ITC,31306817,274.8
230998,"2018-02-02 15:02:48",SBIN,20694692,298.2
230996,"2018-02-02 15:02:46",HDIL,21265484,51.6
230994,"2018-02-02 15:02:44",AXISBANK,4876513,565.85
230995,"2018-02-02 15:02:44",ICICIBANK,14236300,335.3
230993,"2018-02-02 15:02:43",INFY,4112682,1137.55
230992,"2018-02-02 15:02:42",RELIANCE,11577299,906
230990,"2018-02-02 15:02:39",HDFCBANK,1583374,1953.2
230991,"2018-02-02 15:02:39",ITC,31416809,274.85
230989,"2018-02-02 15:02:37",SBIN,20766866,298.1
230988,"2018-02-02 15:02:36",AXISBANK,4946788,565.85
230987,"2018-02-02 15:02:35",HDFCBANK,1587319,1952.95
230986,"2018-02-02 15:02:34",HDIL,21292392,51.6
230985,"2018-02-02 15:02:33",IDFCBANK,12236059,53
230984,"2018-02-02 15:02:31",HDFC,2898642,1900.65
230983,"2018-02-02 15:02:29",KOTAKBANK,2037865,1089.65
230981,"2018-02-02 15:02:28",JINDALSTEL,13140883,251.35
230982,"2018-02-02 15:02:28",HDIL,21292192,51.55
230980,"2018-02-02 15:02:27",ITC,31412476,274.95
230979,"2018-02-02 15:02:25",JINDALSTEL,13138754,251.3
230978,"2018-02-02 15:02:24",HDFC,2897735,1900.65
230977,"2018-02-02 15:02:23",ICICIBANK,14423880,335.7
230976,"2018-02-02 15:02:20",HDIL,21284349,51.6
230974,"2018-02-02 15:02:18",MARUTI,845218,9007.5
230975,"2018-02-02 15:02:18",AXISBANK,4908969,566.7
230973,"2018-02-02 15:02:17",HDFCBANK,1589938,1952.65
230972,"2018-02-02 15:02:14",SBIN,20870308,298
230970,"2018-02-02 15:02:13",LT,3212339,1414.35
230971,"2018-02-02 15:02:13",ICICIBANK,14412959,335.65
230968,"2018-02-02 15:02:12",ITC,31362192,274.75
230969,"2018-02-02 15:02:12",IDFCBANK,12218210,52.95
230966,"2018-02-02 15:02:07",HDFC,2895892,1900.65
230967,"2018-02-02 15:02:07",AXISBANK,4894749,566
230965,"2018-02-02 15:02:06",HDFCBANK,1588214,1952.9
230963,"2018-02-02 15:02:03",AXISBANK,4893328,566
230964,"2018-02-02 15:02:03",RELIANCE,11609291,905.7
230962,"2018-02-02 15:02:02",MARUTI,844857,9006.85
230961,"2018-02-02 15:02:01",INFY,4147369,1134.4
230960,"2018-02-02 15:01:58",MARUTI,838992,9007.05
230959,"2018-02-02 15:01:55",ICICIBANK,14354091,335.75
230957,"2018-02-02 15:01:53",INFY,4122374,1136.65
230958,"2018-02-02 15:01:53",HDFC,2894521,1900.65
230956,"2018-02-02 15:01:52",SBIN,20756068,298.25
230955,"2018-02-02 15:01:51",ITC,31330171,274.6
230954,"2018-02-02 15:01:50",AXISBANK,4890460,565.85
230953,"2018-02-02 15:01:47",KOTAKBANK,2035755,1091.05
230951,"2018-02-02 15:01:44",ITC,31314640,274.75
230952,"2018-02-02 15:01:44",SBIN,20761422,298.2
230949,"2018-02-02 15:01:42",AXISBANK,4877935,565.65
230950,"2018-02-02 15:01:42",INFY,4114789,1137.7
230948,"2018-02-02 15:01:41",MARUTI,842895,9004.3
230947,"2018-02-02 15:01:40",HDIL,21246400,51.5
230946,"2018-02-02 15:01:36",HDFCBANK,1583558,1953.1
230945,"2018-02-02 15:01:35",MARUTI,836593,9006.95
230943,"2018-02-02 15:01:34",ITC,31287590,274.7
230944,"2018-02-02 15:01:34",RELIANCE,11579919,905.9
230942,"2018-02-02 15:01:33",AXISBANK,4867642,565.95
230941,"2018-02-02 15:01:31",IDFCBANK,12190504,53.1
230938,"2018-02-02 15:01:30",KOTAKBANK,2035016,1090.9
230939,"2018-02-02 15:01:30",INFY,4094748,1136
230940,"2018-02-02 15:01:30",SBIN,20700202,298.2
230936,"2018-02-02 15:01:25",MARUTI,836628,9006.1
230937,"2018-02-02 15:01:25",RELIANCE,11579924,905.75
230934,"2018-02-02 15:01:23",HDFCBANK,1583592,1953.05
230935,"2018-02-02 15:01:23",LT,3202120,1413.55
230932,"2018-02-02 15:01:20",ITC,31246800,274.85
230933,"2018-02-02 15:01:20",HDFC,2884310,1899.7
230931,"2018-02-02 15:01:19",AXISBANK,4854674,566
230930,"2018-02-02 15:01:18",ICICIBANK,14228462,335.45
230928,"2018-02-02 15:01:17",IDFCBANK,12163215,53
230929,"2018-02-02 15:01:17",KOTAKBANK,2032756,1090.05
230927,"2018-02-02 15:01:15",LT,3197504,1414.2
230926,"2018-02-02 15:01:11",JINDALSTEL,13096229,251.7
230925,"2018-02-02 15:01:09",HDIL,21239944,51.5
230923,"2018-02-02 15:01:08",HDFC,2883993,1899.7
230924,"2018-02-02 15:01:08",INFY,4092719,1136.65
230922,"2018-02-02 15:01:06",AXISBANK,4851210,566.2
230921,"2018-02-02 15:01:05",ITC,31185703,274.65
230920,"2018-02-02 15:01:04",HDIL,21170739,51.65
230919,"2018-02-02 15:01:02",KOTAKBANK,2013638,1090.5
230918,"2018-02-02 15:01:01",HDFC,2863871,1899.3
230917,"2018-02-02 15:00:59",ITC,31068157,274.95
230916,"2018-02-02 15:00:58",AXISBANK,4767411,566.35
230915,"2018-02-02 15:00:57",IDFCBANK,12099580,53
230913,"2018-02-02 15:00:53",IDFCBANK,12159421,53
230914,"2018-02-02 15:00:53",ICICIBANK,14027087,335.65
230912,"2018-02-02 15:00:52",SBIN,20680379,298.25
230909,"2018-02-02 15:00:48",AXISBANK,4823308,565
230910,"2018-02-02 15:00:48",KOTAKBANK,2020567,1089.65
230911,"2018-02-02 15:00:48",INFY,4085867,1137.9
230908,"2018-02-02 15:00:46",MARUTI,834124,9016.2
230907,"2018-02-02 15:00:45",IDFCBANK,12159361,53
230906,"2018-02-02 15:00:42",MARUTI,833963,9016.75
230905,"2018-02-02 15:00:40",AXISBANK,4810877,565.5
230903,"2018-02-02 15:00:39",LT,3189954,1416
230904,"2018-02-02 15:00:39",ICICIBANK,14153129,335.35
230901,"2018-02-02 15:00:38",AXISBANK,4804193,566.15
230902,"2018-02-02 15:00:38",ITC,31155307,274.95
230900,"2018-02-02 15:00:37",AXISBANK,4804188,566.55
230899,"2018-02-02 15:00:33",JINDALSTEL,13009627,251.85
230898,"2018-02-02 15:00:31",ITC,31158825,274.8
230897,"2018-02-02 15:00:30",AXISBANK,4804193,566.15
230896,"2018-02-02 15:00:28",RELIANCE,11508903,907.5
230895,"2018-02-02 15:00:27",AXISBANK,4753816,566.4
230894,"2018-02-02 15:00:26",HDIL,21133836,51.7
230893,"2018-02-02 15:00:25",LT,3187526,1416
230892,"2018-02-02 15:00:23",ITC,31144417,274.75
230890,"2018-02-02 15:00:22",HDFC,2878039,1899.55
230891,"2018-02-02 15:00:22",KOTAKBANK,2018072,1090.3
230889,"2018-02-02 15:00:21",JINDALSTEL,13007061,251.5
230888,"2018-02-02 15:00:17",RELIANCE,11562944,906.05
230886,"2018-02-02 15:00:16",IDFCBANK,12091526,53.1
230887,"2018-02-02 15:00:16",AXISBANK,4801944,566.05
230885,"2018-02-02 15:00:15",KOTAKBANK,2010237,1091
230884,"2018-02-02 15:00:14",SBIN,20632254,298.75
230883,"2018-02-02 15:00:13",MARUTI,830650,9022.2
230882,"2018-02-02 15:00:11",RELIANCE,11508903,907.5
230881,"2018-02-02 15:00:10",MARUTI,832895,9021.8
230879,"2018-02-02 15:00:09",KOTAKBANK,2014170,1090.45
230880,"2018-02-02 15:00:09",AXISBANK,4773762,566.55
230878,"2018-02-02 15:00:08",SBIN,20657018,298.45
230877,"2018-02-02 15:00:05",HDIL,21189559,51.7
230876,"2018-02-02 15:00:04",JINDALSTEL,12999576,252.05
230874,"2018-02-02 15:00:03",HDFCBANK,1571646,1954.05
230875,"2018-02-02 15:00:03",ICICIBANK,14081421,335.7
230873,"2018-02-02 15:00:01",LT,3179057,1415.8
230872,"2018-02-02 14:59:56",HDFC,2863895,1899.25
230871,"2018-02-02 14:59:52",AXISBANK,4767415,566.35
230867,"2018-02-02 14:59:51",SBIN,20650195,298.5
230868,"2018-02-02 14:59:51",MARUTI,832290,9021.75
230869,"2018-02-02 14:59:51",LT,3177097,1416
230870,"2018-02-02 14:59:51",ITC,31069227,274.8
230866,"2018-02-02 14:59:46",RELIANCE,11535398,906.8
230864,"2018-02-02 14:59:44",HDFC,2849493,1899.85
230865,"2018-02-02 14:59:44",IDFCBANK,12063703,53.1
230863,"2018-02-02 14:59:41",AXISBANK,4720208,568.7
230862,"2018-02-02 14:59:40",RELIANCE,11496767,906.5
230861,"2018-02-02 14:59:38",JINDALSTEL,12923576,252.95
230859,"2018-02-02 14:59:37",KOTAKBANK,2002679,1091.15
230860,"2018-02-02 14:59:37",LT,3160622,1416.7
230857,"2018-02-02 14:59:35",HDIL,21099733,51.6
230858,"2018-02-02 14:59:35",INFY,4048916,1139.95
230855,"2018-02-02 14:59:34",AXISBANK,4720208,568.7
230856,"2018-02-02 14:59:34",AXISBANK,4751103,566.8
230854,"2018-02-02 14:59:32",RELIANCE,11524253,906.5
230852,"2018-02-02 14:59:27",LT,3174556,1416.25
230853,"2018-02-02 14:59:27",AXISBANK,4751103,566.8
230850,"2018-02-02 14:59:26",KOTAKBANK,2010216,1091.1
230851,"2018-02-02 14:59:26",HDFC,2860499,1900.1
230849,"2018-02-02 14:59:25",ICICIBANK,14027567,335.65
230848,"2018-02-02 14:59:23",HDFCBANK,1569460,1954.3
230846,"2018-02-02 14:59:21",SBIN,20641232,298.7
230847,"2018-02-02 14:59:21",INFY,4063147,1138.65
230845,"2018-02-02 14:59:19",JINDALSTEL,12939308,253.15
230844,"2018-02-02 14:59:16",AXISBANK,4745446,568.1
230843,"2018-02-02 14:59:15",LT,3170137,1418
230842,"2018-02-02 14:59:14",SBIN,20630638,298.95
230841,"2018-02-02 14:59:11",KOTAKBANK,2008667,1091.8
230838,"2018-02-02 14:59:09",ITC,30986368,275.25
230839,"2018-02-02 14:59:09",INFY,4056979,1140.05
230840,"2018-02-02 14:59:09",RELIANCE,11508034,907.45
230837,"2018-02-02 14:59:08",ICICIBANK,13990176,335.45
230835,"2018-02-02 14:59:05",ICICIBANK,13992319,335.45
230836,"2018-02-02 14:59:05",JINDALSTEL,12932214,253.4
230834,"2018-02-02 14:59:04",HDFC,2858172,1900
230833,"2018-02-02 14:59:02",IDFCBANK,12087649,53.15
230831,"2018-02-02 14:59:00",KOTAKBANK,2008605,1091.45
230832,"2018-02-02 14:59:00",LT,3170716,1417.9
230830,"2018-02-02 14:58:59",AXISBANK,4726381,568.2
230828,"2018-02-02 14:58:58",HDFCBANK,1566782,1955
230829,"2018-02-02 14:58:58",HDIL,21121024,51.7
230827,"2018-02-02 14:58:55",HDIL,21118652,51.65
230825,"2018-02-02 14:58:52",SBIN,20629660,298.95
230826,"2018-02-02 14:58:52",ICICIBANK,13987823,335.5
230824,"2018-02-02 14:58:49",ITC,30956860,275.25
230822,"2018-02-02 14:58:47",LT,3167513,1418
230823,"2018-02-02 14:58:47",AXISBANK,4721389,568.7
230820,"2018-02-02 14:58:46",AXISBANK,4721378,568.7
230821,"2018-02-02 14:58:46",ITC,30955149,275.25
230819,"2018-02-02 14:58:44",ICICIBANK,13982604,335.35
230817,"2018-02-02 14:58:41",KOTAKBANK,2007785,1092.15
230818,"2018-02-02 14:58:41",IDFCBANK,12085498,53.15
230816,"2018-02-02 14:58:38",JINDALSTEL,12928252,253.35
230815,"2018-02-02 14:58:37",AXISBANK,4720749,568.7
230814,"2018-02-02 14:58:36",MARUTI,830080,9022
230812,"2018-02-02 14:58:35",HDFC,2854898,1900.65
230813,"2018-02-02 14:58:35",AXISBANK,4720729,568.5
230811,"2018-02-02 14:58:34",HDFCBANK,1566166,1954.85
230810,"2018-02-02 14:58:31",HDFC,2851771,1900.15
230808,"2018-02-02 14:58:30",HDFCBANK,1565120,1954.75
230809,"2018-02-02 14:58:30",KOTAKBANK,2003383,1091.8
230807,"2018-02-02 14:58:29",LT,3161844,1416.8
230806,"2018-02-02 14:58:26",IDFCBANK,12074799,53.15
230804,"2018-02-02 14:58:24",ICICIBANK,13970938,335.4
230805,"2018-02-02 14:58:24",JINDALSTEL,12923787,253.1
230803,"2018-02-02 14:58:21",AXISBANK,4720343,568.5
230802,"2018-02-02 14:58:20",MARUTI,829682,9020
230801,"2018-02-02 14:58:18",HDFC,2849183,1899.8
230800,"2018-02-02 14:58:17",HDIL,21088553,51.7
230799,"2018-02-02 14:58:16",SBIN,20591500,298.5
230798,"2018-02-02 14:58:15",LT,3161532,1416.6
230797,"2018-02-02 14:58:13",AXISBANK,4719134,568.5
230796,"2018-02-02 14:58:11",JINDALSTEL,12923316,253
230795,"2018-02-02 14:58:10",JINDALSTEL,12922371,252.95
230793,"2018-02-02 14:58:09",AXISBANK,4718803,568.75
230794,"2018-02-02 14:58:09",JINDALSTEL,12923012,252.8
230791,"2018-02-02 14:58:08",LT,3160636,1416.6
230792,"2018-02-02 14:58:08",ITC,30896194,275
230790,"2018-02-02 14:58:07",HDIL,21085972,51.65
230789,"2018-02-02 14:58:06",MARUTI,829258,9020
230788,"2018-02-02 14:58:03",JINDALSTEL,12922371,252.95
230787,"2018-02-02 14:58:02",AXISBANK,4717929,568.85
230785,"2018-02-02 14:57:59",RELIANCE,11496614,906.55
230786,"2018-02-02 14:57:59",ITC,30841841,274.95
230784,"2018-02-02 14:57:58",LT,3158605,1416.4
230780,"2018-02-02 14:57:53",SBIN,20579609,298.75
230781,"2018-02-02 14:57:53",AXISBANK,4717698,568.65
230782,"2018-02-02 14:57:53",JINDALSTEL,12918497,253.2
230783,"2018-02-02 14:57:53",INFY,4040579,1140.6
230779,"2018-02-02 14:57:51",HDFCBANK,1560556,1955.1
230778,"2018-02-02 14:57:49",HDIL,21041447,51.65
230777,"2018-02-02 14:57:48",MARUTI,828763,9024.55
230776,"2018-02-02 14:57:45",RELIANCE,11487024,906.7
230775,"2018-02-02 14:57:44",HDFCBANK,1557655,1954.3
230772,"2018-02-02 14:57:41",HDIL,21040065,51.6
230773,"2018-02-02 14:57:41",MARUTI,828624,9023.25
230774,"2018-02-02 14:57:41",ITC,30787590,275
230771,"2018-02-02 14:57:40",JINDALSTEL,12916406,253.2
230769,"2018-02-02 14:57:36",LT,3158026,1416
230770,"2018-02-02 14:57:36",SBIN,20574424,298.5
230768,"2018-02-02 14:57:34",ITC,30555494,275.45
230766,"2018-02-02 14:57:22",INFY,4015698,1140.05
230767,"2018-02-02 14:57:22",HDIL,20984102,51.65
230765,"2018-02-02 14:57:18",HDFC,2832020,1900.45
230763,"2018-02-02 14:57:17",IDFCBANK,12017727,53.1
230764,"2018-02-02 14:57:17",AXISBANK,4695220,569.3
230762,"2018-02-02 14:57:16",RELIANCE,11428504,906.55
230760,"2018-02-02 14:57:15",ICICIBANK,13864244,335.4
230761,"2018-02-02 14:57:15",KOTAKBANK,1992523,1091.4
230759,"2018-02-02 14:57:13",SBIN,20505164,298.6
230758,"2018-02-02 14:57:12",MARUTI,826175,9020.15
230757,"2018-02-02 14:57:10",JINDALSTEL,12871239,252.9
230756,"2018-02-02 14:57:08",HDIL,21003097,51.6
230755,"2018-02-02 14:57:07",HDFCBANK,1550621,1953.15
230754,"2018-02-02 14:57:00",INFY,4021128,1140
230752,"2018-02-02 14:56:58",HDFCBANK,1553587,1954.9
230753,"2018-02-02 14:56:58",KOTAKBANK,1993943,1090.85
230751,"2018-02-02 14:56:57",AXISBANK,4703714,569.4
230750,"2018-02-02 14:56:56",ITC,30572353,275.5
230747,"2018-02-02 14:56:50",LT,3147056,1415.95
230748,"2018-02-02 14:56:50",HDFCBANK,1551096,1954
230749,"2018-02-02 14:56:50",ITC,30556677,275.45
230746,"2018-02-02 14:56:49",IDFCBANK,12044077,53.1
230745,"2018-02-02 14:56:47",MARUTI,826276,9020.1
230744,"2018-02-02 14:56:45",ICICIBANK,13870794,335.4
230743,"2018-02-02 14:56:42",AXISBANK,4696352,569.55
230741,"2018-02-02 14:56:41",RELIANCE,11432846,907.75
230742,"2018-02-02 14:56:41",HDFC,2833303,1900.2
230739,"2018-02-02 14:56:39",HDIL,20986160,51.6
230740,"2018-02-02 14:56:39",INFY,4019063,1140.95
230738,"2018-02-02 14:56:37",KOTAKBANK,1992581,1091.25
230737,"2018-02-02 14:56:36",HDIL,20984712,51.6
230736,"2018-02-02 14:56:34",HDFCBANK,1551149,1953.65
230735,"2018-02-02 14:56:33",LT,3147332,1415.95
230734,"2018-02-02 14:56:32",SBIN,20508421,298.5
230733,"2018-02-02 14:56:30",AXISBANK,4696330,569.55
230732,"2018-02-02 14:56:27",IDFCBANK,12017227,53.1
230730,"2018-02-02 14:56:26",RELIANCE,11425654,906.8
230731,"2018-02-02 14:56:26",MARUTI,825243,9022.65
230729,"2018-02-02 14:56:21",ITC,30551963,275.3
230728,"2018-02-02 14:56:20",KOTAKBANK,1992234,1091.15
230727,"2018-02-02 14:56:19",AXISBANK,4692670,569.3
230726,"2018-02-02 14:56:17",AXISBANK,4689296,569
230725,"2018-02-02 14:56:16",INFY,4013407,1140
230723,"2018-02-02 14:56:15",LT,3144320,1414.95
230724,"2018-02-02 14:56:15",ITC,30549653,275.4
230722,"2018-02-02 14:56:11",IDFCBANK,12016427,53.05
230720,"2018-02-02 14:56:10",AXISBANK,4691669,569.35
230721,"2018-02-02 14:56:10",MARUTI,824996,9023.25
230718,"2018-02-02 14:56:08",ITC,30545145,275.35
230719,"2018-02-02 14:56:08",HDFCBANK,1548809,1953
230717,"2018-02-02 14:56:07",ICICIBANK,13844145,335.4
230716,"2018-02-02 14:56:04",IDFCBANK,12000151,53.05
230713,"2018-02-02 14:56:02",SBIN,20481687,298.6
230714,"2018-02-02 14:56:02",ITC,30542334,275.4
230715,"2018-02-02 14:56:02",MARUTI,824781,9024
230712,"2018-02-02 14:56:00",LT,3138797,1414.9
230710,"2018-02-02 14:55:58",HDFCBANK,1547032,1954.55
230711,"2018-02-02 14:55:58",AXISBANK,4684679,569.35
230709,"2018-02-02 14:55:57",RELIANCE,11412942,906.55
230708,"2018-02-02 14:55:55",KOTAKBANK,1989107,1090.6
230707,"2018-02-02 14:55:51",HDFC,2828376,1900.45
230706,"2018-02-02 14:55:49",HDFC,2828068,1900.05
230705,"2018-02-02 14:55:47",JINDALSTEL,12851279,252.65
230704,"2018-02-02 14:55:45",SBIN,20478516,298.7
230701,"2018-02-02 14:55:43",ITC,30534265,275.5
230702,"2018-02-02 14:55:43",LT,3137918,1414.75
230703,"2018-02-02 14:55:43",MARUTI,824118,9024.15
230700,"2018-02-02 14:55:42",HDFCBANK,1546625,1954.7
230699,"2018-02-02 14:55:36",HDFCBANK,1546364,1954.15
230698,"2018-02-02 14:55:35",AXISBANK,4682732,569.5
230697,"2018-02-02 14:55:34",ICICIBANK,13809153,335.3
230696,"2018-02-02 14:55:30",MARUTI,823786,9023.95
230695,"2018-02-02 14:55:29",HDIL,20965009,51.65
230694,"2018-02-02 14:55:27",IDFCBANK,11974556,53.15
230692,"2018-02-02 14:55:25",SBIN,20465749,298.85
230693,"2018-02-02 14:55:25",LT,3136629,1414.6
230691,"2018-02-02 14:55:23",ITC,30517956,275.45
230690,"2018-02-02 14:55:22",AXISBANK,4671847,568.4
230688,"2018-02-02 14:55:20",INFY,4003010,1139.75
230689,"2018-02-02 14:55:20",HDFCBANK,1545768,1954.1
230687,"2018-02-02 14:55:19",IDFCBANK,11970495,53.2
230686,"2018-02-02 14:55:18",HDIL,20951324,51.6
230685,"2018-02-02 14:55:15",JINDALSTEL,12792106,252
230684,"2018-02-02 14:55:12",HDFC,2823725,1900.45
230682,"2018-02-02 14:55:10",ITC,30505178,275.6
230683,"2018-02-02 14:55:10",AXISBANK,4669234,568.4
230681,"2018-02-02 14:55:09",INFY,3999542,1140.25
230680,"2018-02-02 14:55:08",MARUTI,823506,9023.15
230679,"2018-02-02 14:55:06",ICICIBANK,13786356,335.4
230678,"2018-02-02 14:55:04",KOTAKBANK,1986640,1091.25
230676,"2018-02-02 14:55:02",AXISBANK,4668817,568.45
230677,"2018-02-02 14:55:02",MARUTI,823161,9022.1
230674,"2018-02-02 14:54:59",JINDALSTEL,12789764,251.85
230675,"2018-02-02 14:54:59",LT,3132531,1414.3
230673,"2018-02-02 14:54:58",ITC,30501174,275.45
230672,"2018-02-02 14:54:57",RELIANCE,11397384,906.6
230671,"2018-02-02 14:54:56",HDFC,2823220,1899.85
230670,"2018-02-02 14:54:54",HDFC,2820844,1899.85
230669,"2018-02-02 14:54:53",HDIL,20932078,51.5
230668,"2018-02-02 14:54:49",IDFCBANK,11953666,53.15
230667,"2018-02-02 14:54:47",MARUTI,822820,9020.15
230666,"2018-02-02 14:54:46",AXISBANK,4666940,568
230664,"2018-02-02 14:54:45",ITC,30497118,275.5
230665,"2018-02-02 14:54:45",LT,3126551,1414.35
230663,"2018-02-02 14:54:44",SBIN,20429687,298.8
230661,"2018-02-02 14:54:43",ICICIBANK,13754966,335.65
230662,"2018-02-02 14:54:43",JINDALSTEL,12784126,251.9
230660,"2018-02-02 14:54:42",HDFC,2818923,1899.5
230659,"2018-02-02 14:54:41",INFY,3990845,1140
230658,"2018-02-02 14:54:40",ICICIBANK,13750568,335.55
230657,"2018-02-02 14:54:39",MARUTI,822418,9020.05
230656,"2018-02-02 14:54:37",ITC,30494643,275.45
230655,"2018-02-02 14:54:34",KOTAKBANK,1983780,1090.2
230653,"2018-02-02 14:54:33",RELIANCE,11388688,906.85
230654,"2018-02-02 14:54:33",AXISBANK,4660429,567.75
230652,"2018-02-02 14:54:31",HDIL,20925297,51.45
230651,"2018-02-02 14:54:28",RELIANCE,11385547,907.2
230650,"2018-02-02 14:54:27",ICICIBANK,13747887,335.35
230649,"2018-02-02 14:54:25",MARUTI,822097,9017.05
230648,"2018-02-02 14:54:23",HDFC,2818614,1899.5
230646,"2018-02-02 14:54:22",INFY,3987523,1140
230647,"2018-02-02 14:54:22",AXISBANK,4654504,567.85
230645,"2018-02-02 14:54:20",AXISBANK,4657833,568
230644,"2018-02-02 14:54:17",LT,3119494,1415.4
230643,"2018-02-02 14:54:13",MARUTI,821325,9016.1
230641,"2018-02-02 14:54:12",KOTAKBANK,1979881,1091.4
230642,"2018-02-02 14:54:12",HDIL,20914321,51.45
230639,"2018-02-02 14:54:08",KOTAKBANK,1980732,1090.95
230640,"2018-02-02 14:54:08",INFY,3981919,1140.1
230638,"2018-02-02 14:54:07",AXISBANK,4646328,567.65
230637,"2018-02-02 14:54:05",ICICIBANK,13741999,335.5
230635,"2018-02-02 14:53:57",INFY,3979518,1140.3
230636,"2018-02-02 14:53:57",ICICIBANK,13739981,335.5
230633,"2018-02-02 14:53:56",AXISBANK,4642198,568.3
230634,"2018-02-02 14:53:56",MARUTI,821593,9021.45
230631,"2018-02-02 14:53:55",LT,3122709,1415.15
230632,"2018-02-02 14:53:55",HDIL,20890939,51.55
230629,"2018-02-02 14:53:50",ICICIBANK,13733384,335.3
230630,"2018-02-02 14:53:50",ITC,30460750,275.95
230628,"2018-02-02 14:53:49",AXISBANK,4640172,568.45
230627,"2018-02-02 14:53:48",KOTAKBANK,1979881,1091.4
230626,"2018-02-02 14:53:46",HDFCBANK,1537657,1953.85
230625,"2018-02-02 14:53:44",RELIANCE,11375313,906.75
230623,"2018-02-02 14:53:43",JINDALSTEL,12760739,251.95
230624,"2018-02-02 14:53:43",HDFC,2813957,1899.45
230622,"2018-02-02 14:53:42",INFY,3977049,1140.3
230621,"2018-02-02 14:53:39",INFY,3973921,1140.5
230620,"2018-02-02 14:53:38",RELIANCE,11370339,906.6
230619,"2018-02-02 14:53:35",LT,3117507,1416.6
230618,"2018-02-02 14:53:33",IDFCBANK,11942810,53.2
230616,"2018-02-02 14:53:31",HDFCBANK,1536648,1953.25
230617,"2018-02-02 14:53:31",ICICIBANK,13730085,335.2
230615,"2018-02-02 14:53:29",HDIL,20878669,51.4
230614,"2018-02-02 14:53:28",LT,3116714,1415.35
230613,"2018-02-02 14:53:27",SBIN,20398321,298.8
230611,"2018-02-02 14:53:26",JINDALSTEL,12750992,251.5
230612,"2018-02-02 14:53:26",RELIANCE,11367432,907.35
230609,"2018-02-02 14:53:24",HDFC,2812528,1899.55
230610,"2018-02-02 14:53:24",ITC,30438239,276
230608,"2018-02-02 14:53:21",HDIL,20874383,51.4
230607,"2018-02-02 14:53:20",AXISBANK,4626254,568.3
230606,"2018-02-02 14:53:19",INFY,3968874,1139
230605,"2018-02-02 14:53:15",HDIL,20858779,51.5
230604,"2018-02-02 14:53:14",IDFCBANK,11932215,53.15
230603,"2018-02-02 14:53:10",AXISBANK,4624301,568.05
230599,"2018-02-02 14:53:09",HDFC,2810136,1899.1
230600,"2018-02-02 14:53:09",ITC,30435355,275.9
230601,"2018-02-02 14:53:09",MARUTI,819358,9022.2
230602,"2018-02-02 14:53:09",KOTAKBANK,1979299,1091.4
230598,"2018-02-02 14:53:07",HDFCBANK,1534880,1952.35
230597,"2018-02-02 14:53:04",RELIANCE,11354927,908
230595,"2018-02-02 14:53:02",HDIL,20799287,51.5
230596,"2018-02-02 14:53:02",MARUTI,818486,9024.35
230594,"2018-02-02 14:52:59",ITC,30421638,275.95
230591,"2018-02-02 14:52:56",ICICIBANK,13706356,335.4
230592,"2018-02-02 14:52:56",AXISBANK,4621432,568.7
230593,"2018-02-02 14:52:56",JINDALSTEL,12730993,250.95
230590,"2018-02-02 14:52:51",RELIANCE,11350285,907.65
230589,"2018-02-02 14:52:47",ITC,30415172,275.95
230587,"2018-02-02 14:52:46",INFY,3963423,1139.6
230588,"2018-02-02 14:52:46",HDFCBANK,1532785,1953.15
230585,"2018-02-02 14:52:45",AXISBANK,4617840,568.4
230586,"2018-02-02 14:52:45",MARUTI,818361,9024
230584,"2018-02-02 14:52:40",ICICIBANK,13693638,335.55
230583,"2018-02-02 14:52:39",INFY,3950988,1140.05
230582,"2018-02-02 14:52:38",HDFC,2806410,1900.05
230581,"2018-02-02 14:52:36",JINDALSTEL,12636646,251.15
230580,"2018-02-02 14:52:35",ITC,30409555,276
230579,"2018-02-02 14:52:34",HDIL,20766324,51.6
230577,"2018-02-02 14:52:33",IDFCBANK,11895971,53.3
230578,"2018-02-02 14:52:33",KOTAKBANK,1972551,1092.6
230575,"2018-02-02 14:52:31",AXISBANK,4610423,568
230576,"2018-02-02 14:52:31",MARUTI,817864,9024.35
230574,"2018-02-02 14:52:28",LT,3107638,1415.9
230573,"2018-02-02 14:52:26",HDFCBANK,1531793,1952.25
230572,"2018-02-02 14:52:24",INFY,3948818,1140.3
230568,"2018-02-02 14:52:21",RELIANCE,11342354,908
230569,"2018-02-02 14:52:21",AXISBANK,4588614,568.85
230570,"2018-02-02 14:52:21",HDFC,2805082,1899.95
230571,"2018-02-02 14:52:21",ITC,30382298,276.3
230567,"2018-02-02 14:52:20",ICICIBANK,13674596,335.6
230566,"2018-02-02 14:52:19",KOTAKBANK,1971821,1092.25
230565,"2018-02-02 14:52:16",LT,3105947,1416.1
230563,"2018-02-02 14:52:15",INFY,3948162,1140.4
230564,"2018-02-02 14:52:15",HDFCBANK,1531117,1952.15
230561,"2018-02-02 14:52:14",IDFCBANK,11815338,53.4
230562,"2018-02-02 14:52:14",JINDALSTEL,12531150,252.6
230560,"2018-02-02 14:52:09",SBIN,20353350,298.8
230557,"2018-02-02 14:52:08",AXISBANK,4498056,571
230558,"2018-02-02 14:52:08",RELIANCE,11338908,907.95
230559,"2018-02-02 14:52:08",HDFCBANK,1530210,1952
230556,"2018-02-02 14:52:05",ICICIBANK,13663165,335.6
230554,"2018-02-02 14:52:02",HDIL,20762943,51.6
230555,"2018-02-02 14:52:02",AXISBANK,4494171,571.05
230553,"2018-02-02 14:51:59",HDFC,2803027,1900.8
230550,"2018-02-02 14:51:57",SBIN,20346278,298.95
230551,"2018-02-02 14:51:57",IDFCBANK,11811732,53.45
230552,"2018-02-02 14:51:57",RELIANCE,11333285,907.9
230549,"2018-02-02 14:51:55",ITC,30373637,276.35
230547,"2018-02-02 14:51:54",JINDALSTEL,12528883,252.95
230548,"2018-02-02 14:51:54",MARUTI,816947,9025
230545,"2018-02-02 14:51:51",MARUTI,816615,9026.95
230546,"2018-02-02 14:51:51",KOTAKBANK,1968827,1091.5
230544,"2018-02-02 14:51:49",AXISBANK,4491921,571.05
230543,"2018-02-02 14:51:45",ICICIBANK,13649300,335.7
230541,"2018-02-02 14:51:44",HDFCBANK,1524021,1953.45
230542,"2018-02-02 14:51:44",LT,3102924,1416.05
230540,"2018-02-02 14:51:43",HDIL,20755075,51.7
230538,"2018-02-02 14:51:40",AXISBANK,4489882,571.05
230539,"2018-02-02 14:51:40",ICICIBANK,13638969,335.75
230536,"2018-02-02 14:51:38",ITC,30358742,276.15
230537,"2018-02-02 14:51:38",IDFCBANK,11754429,53.4
230535,"2018-02-02 14:51:37",RELIANCE,11325182,907.8
230533,"2018-02-02 14:51:32",HDFC,2801241,1900.2
230534,"2018-02-02 14:51:32",ICICIBANK,13632579,335.7
230532,"2018-02-02 14:51:27",AXISBANK,4488033,571
230531,"2018-02-02 14:51:26",RELIANCE,11320847,908
230530,"2018-02-02 14:51:24",KOTAKBANK,1963481,1092.1
230528,"2018-02-02 14:51:22",INFY,3940523,1139.9
230529,"2018-02-02 14:51:22",HDFCBANK,1522349,1953.75
230527,"2018-02-02 14:51:19",ITC,30333654,275.95
230526,"2018-02-02 14:51:18",MARUTI,815526,9027.05
230524,"2018-02-02 14:51:16",INFY,3938419,1139.05
230525,"2018-02-02 14:51:16",JINDALSTEL,12515295,252.7
230523,"2018-02-02 14:51:15",ICICIBANK,13625772,335.65
230522,"2018-02-02 14:51:13",LT,3097888,1416.2
230521,"2018-02-02 14:51:12",AXISBANK,4484083,570.45
230520,"2018-02-02 14:51:10",IDFCBANK,11642104,53.15
230518,"2018-02-02 14:51:05",HDFCBANK,1513107,1953.25
230519,"2018-02-02 14:51:05",AXISBANK,4476160,571.05
230517,"2018-02-02 14:51:04",SBIN,20290297,298.95
230516,"2018-02-02 14:51:01",RELIANCE,11301001,909
230515,"2018-02-02 14:51:00",KOTAKBANK,1960145,1093.05
230514,"2018-02-02 14:50:59",ICICIBANK,13587520,335.75
230509,"2018-02-02 14:50:55",AXISBANK,4471551,571.1
230510,"2018-02-02 14:50:55",ITC,30322444,276
230511,"2018-02-02 14:50:55",LT,3092972,1416.85
230512,"2018-02-02 14:50:55",INFY,3931834,1140.05
230513,"2018-02-02 14:50:55",IDFCBANK,11636291,53.3
230507,"2018-02-02 14:50:51",SBIN,20298066,298.7
230508,"2018-02-02 14:50:51",HDFCBANK,1515143,1953
230506,"2018-02-02 14:50:45",HDIL,20705563,51.65
230505,"2018-02-02 14:50:44",KOTAKBANK,1959647,1093.1
230504,"2018-02-02 14:50:43",ITC,30316623,276.25
230502,"2018-02-02 14:50:42",AXISBANK,4468326,571.05
230503,"2018-02-02 14:50:42",LT,3091985,1416.55
230501,"2018-02-02 14:50:39",HDIL,20701235,51.75
230500,"2018-02-02 14:50:38",KOTAKBANK,1958659,1093.5
230499,"2018-02-02 14:50:37",JINDALSTEL,12482388,254
230497,"2018-02-02 14:50:36",KOTAKBANK,1958087,1093.55
230498,"2018-02-02 14:50:36",AXISBANK,4463839,571
230494,"2018-02-02 14:50:32",AXISBANK,4463032,571.35
230495,"2018-02-02 14:50:32",HDIL,20699590,51.65
230496,"2018-02-02 14:50:32",JINDALSTEL,12482282,254.15
230493,"2018-02-02 14:50:31",JINDALSTEL,12479945,253.85
230492,"2018-02-02 14:50:29",HDFCBANK,1512049,1952.7
230490,"2018-02-02 14:50:26",KOTAKBANK,1957623,1093.3
230491,"2018-02-02 14:50:26",MARUTI,814644,9030
230487,"2018-02-02 14:50:25",IDFCBANK,11610737,53.35
230488,"2018-02-02 14:50:25",AXISBANK,4461405,571
230489,"2018-02-02 14:50:25",ITC,30310556,276.2
230486,"2018-02-02 14:50:23",HDIL,20698865,51.75
230484,"2018-02-02 14:50:21",MARUTI,814532,9031.95
230485,"2018-02-02 14:50:21",HDFC,2793828,1899.55
230483,"2018-02-02 14:50:20",AXISBANK,4460737,571.05
230482,"2018-02-02 14:50:19",SBIN,20281717,299
230479,"2018-02-02 14:50:16",HDIL,20698485,51.75
230480,"2018-02-02 14:50:16",HDFC,2793746,1900.65
230481,"2018-02-02 14:50:16",KOTAKBANK,1956019,1092.85
230477,"2018-02-02 14:50:13",AXISBANK,4460121,571.65
230478,"2018-02-02 14:50:13",ICICIBANK,13556102,335.75
230476,"2018-02-02 14:50:11",SBIN,20266892,299.05
230475,"2018-02-02 14:50:10",RELIANCE,11262094,909.1
230474,"2018-02-02 14:50:09",AXISBANK,4457248,571.5
230473,"2018-02-02 14:50:08",MARUTI,814290,9033.45
230472,"2018-02-02 14:50:06",LT,3088772,1416.75
230471,"2018-02-02 14:50:04",HDFCBANK,1507694,1953.6
230470,"2018-02-02 14:50:03",KOTAKBANK,1954753,1093.5
230468,"2018-02-02 14:50:02",HDIL,20690593,51.75
230469,"2018-02-02 14:50:02",AXISBANK,4450730,571.5
230467,"2018-02-02 14:50:00",RELIANCE,11258410,909.4
230466,"2018-02-02 14:49:59",LT,3083478,1418
230465,"2018-02-02 14:49:58",HDIL,20689334,51.8
230464,"2018-02-02 14:49:54",HDFC,2791192,1901.55
230461,"2018-02-02 14:49:53",ICICIBANK,13514140,336
230462,"2018-02-02 14:49:53",MARUTI,813966,9033.45
230463,"2018-02-02 14:49:53",AXISBANK,4437258,571.3
230460,"2018-02-02 14:49:52",HDFCBANK,1505801,1956
230459,"2018-02-02 14:49:50",ITC,30291991,276.4
230455,"2018-02-02 14:49:47",HDFC,2786743,1899.9
230456,"2018-02-02 14:49:47",ICICIBANK,13411011,335.8
230457,"2018-02-02 14:49:47",ITC,30277356,276.4
230458,"2018-02-02 14:49:47",INFY,3913094,1139.25
230453,"2018-02-02 14:49:42",HDIL,20680334,51.8
230454,"2018-02-02 14:49:42",IDFCBANK,11314831,53.35
230451,"2018-02-02 14:49:40",RELIANCE,11236588,909
230452,"2018-02-02 14:49:40",AXISBANK,4421059,570.7
230449,"2018-02-02 14:49:37",RELIANCE,11248776,909.5
230450,"2018-02-02 14:49:37",MARUTI,812637,9026.6
230448,"2018-02-02 14:49:34",AXISBANK,4422838,570.85
230447,"2018-02-02 14:49:33",HDFC,2789227,1900.5
230445,"2018-02-02 14:49:30",ICICIBANK,13470898,335.9
230446,"2018-02-02 14:49:30",ITC,30277922,276.45
230444,"2018-02-02 14:49:29",LT,3079639,1417.8
230443,"2018-02-02 14:49:28",SBIN,20235450,298.9
230441,"2018-02-02 14:49:26",INFY,3906152,1140
230442,"2018-02-02 14:49:26",HDFCBANK,1498040,1956.8
230439,"2018-02-02 14:49:24",SBIN,20202470,298.9
230440,"2018-02-02 14:49:24",HDFCBANK,1482487,1952.8
230438,"2018-02-02 14:49:22",KOTAKBANK,1942411,1092.85
230437,"2018-02-02 14:49:21",MARUTI,810108,9027.4
230436,"2018-02-02 14:49:19",HDFC,2784094,1900
230435,"2018-02-02 14:49:16",HDFC,2786057,1900
230433,"2018-02-02 14:49:12",INFY,3910020,1139
230434,"2018-02-02 14:49:12",MARUTI,812192,9025
230432,"2018-02-02 14:49:11",AXISBANK,4414625,570.5
230431,"2018-02-02 14:49:08",JINDALSTEL,12464829,253.95
230430,"2018-02-02 14:49:06",KOTAKBANK,1944749,1093.25
230429,"2018-02-02 14:49:05",HDFC,2784094,1900
230427,"2018-02-02 14:49:02",INFY,3906152,1140
230428,"2018-02-02 14:49:02",AXISBANK,4406031,570.55
230426,"2018-02-02 14:49:00",LT,3075916,1417.35
230424,"2018-02-02 14:48:58",ITC,30257481,276.2
230425,"2018-02-02 14:48:58",JINDALSTEL,12458154,254.05
230423,"2018-02-02 14:48:56",MARUTI,811535,9031
230421,"2018-02-02 14:48:54",LT,3068308,1417
230422,"2018-02-02 14:48:54",KOTAKBANK,1940015,1092.6
230420,"2018-02-02 14:48:50",MARUTI,809151,9026
230419,"2018-02-02 14:48:49",SBIN,20178733,298.95
230418,"2018-02-02 14:48:46",HDFC,2781244,1901.55
230417,"2018-02-02 14:48:45",AXISBANK,4395544,570.25
230416,"2018-02-02 14:48:43",ITC,30204742,276.3
230415,"2018-02-02 14:48:41",HDFCBANK,1484390,1952.8
230414,"2018-02-02 14:48:40",MARUTI,810656,9026
230412,"2018-02-02 14:48:38",KOTAKBANK,1941249,1093.25
230413,"2018-02-02 14:48:38",HDFC,2782135,1901
230410,"2018-02-02 14:48:37",AXISBANK,4402162,570.4
230411,"2018-02-02 14:48:37",LT,3071972,1418
230409,"2018-02-02 14:48:36",RELIANCE,11234887,909.35
230408,"2018-02-02 14:48:32",ICICIBANK,13394527,335.55
230405,"2018-02-02 14:48:31",HDIL,20650239,51.6
230406,"2018-02-02 14:48:31",AXISBANK,4400495,570.55
230407,"2018-02-02 14:48:31",MARUTI,810175,9027.2
230404,"2018-02-02 14:48:28",RELIANCE,11233225,909.35
230403,"2018-02-02 14:48:27",LT,3064311,1416.1
230401,"2018-02-02 14:48:25",AXISBANK,4356048,571.7
230402,"2018-02-02 14:48:25",HDFCBANK,1473737,1952.5
230400,"2018-02-02 14:48:24",HDIL,20604531,51.75
230399,"2018-02-02 14:48:23",KOTAKBANK,1940015,1092.6
230398,"2018-02-02 14:48:19",INFY,3899342,1139.35
230396,"2018-02-02 14:48:18",IDFCBANK,10976597,53.15
230397,"2018-02-02 14:48:18",AXISBANK,4396351,570.4
230395,"2018-02-02 14:48:17",HDFC,2781264,1901.6
230394,"2018-02-02 14:48:15",ITC,30204762,276.25
230392,"2018-02-02 14:48:13",AXISBANK,4351745,571.8
230393,"2018-02-02 14:48:13",KOTAKBANK,1934109,1093.65
230391,"2018-02-02 14:48:11",INFY,3887885,1140
230390,"2018-02-02 14:48:10",ITC,30177944,276.2
230389,"2018-02-02 14:48:07",HDFC,2779411,1901.95
230387,"2018-02-02 14:48:06",HDIL,20607691,51.8
230388,"2018-02-02 14:48:06",AXISBANK,4361265,571.65
230386,"2018-02-02 14:48:02",MARUTI,809100,9025.1
230384,"2018-02-02 14:48:01",AXISBANK,4356218,571.55
230385,"2018-02-02 14:48:01",INFY,3889379,1140.05
230383,"2018-02-02 14:48:00",ITC,30188482,276.4
230382,"2018-02-02 14:47:56",MARUTI,808607,9025
230380,"2018-02-02 14:47:55",LT,3066221,1416.05
230381,"2018-02-02 14:47:55",KOTAKBANK,1934309,1093.75
230379,"2018-02-02 14:47:50",IDFCBANK,10763492,53.05
230378,"2018-02-02 14:47:49",HDFCBANK,1474464,1952.4
230377,"2018-02-02 14:47:48",INFY,3888416,1140.1
230376,"2018-02-02 14:47:46",AXISBANK,4352681,571.7
230375,"2018-02-02 14:47:45",HDFC,2778463,1901.5
230374,"2018-02-02 14:47:44",ICICIBANK,13318982,335.65
230372,"2018-02-02 14:47:43",HDFCBANK,1473965,1952.3
230373,"2018-02-02 14:47:43",JINDALSTEL,12419983,254.05
230371,"2018-02-02 14:47:42",SBIN,20170874,298.85
230370,"2018-02-02 14:47:41",HDFC,2777932,1901.25
230368,"2018-02-02 14:47:38",ITC,30177074,276.1
230369,"2018-02-02 14:47:38",MARUTI,808081,9023.25
230367,"2018-02-02 14:47:37",LT,3064600,1416.1
230366,"2018-02-02 14:47:35",AXISBANK,4346976,571.1
230365,"2018-02-02 14:47:29",RELIANCE,11155479,908.2
230364,"2018-02-02 14:47:27",KOTAKBANK,1932290,1093.65
230361,"2018-02-02 14:47:26",HDFC,2777101,1901.2
230362,"2018-02-02 14:47:26",SBIN,20164391,298.85
230363,"2018-02-02 14:47:26",AXISBANK,4339139,570.15
