id,curr_time,symbol,volume,price
307942,"2018-02-09 15:59:40",SBIN,15750822,296.4
307941,"2018-02-09 15:59:37",ITC,14204123,271.35
307940,"2018-02-09 15:59:32",MARUTI,364892,8936.1
307939,"2018-02-09 15:59:30",ICICIBANK,9493397,326.75
307938,"2018-02-09 15:59:25",ICICIBANK,9493396,326.75
307937,"2018-02-09 15:59:21",SBIN,15750807,296.4
307935,"2018-02-09 15:59:14",ICICIBANK,9493395,326.75
307936,"2018-02-09 15:59:14",ITC,14204103,271.35
307934,"2018-02-09 15:59:11",ICICIBANK,9493394,326.75
307933,"2018-02-09 15:59:04",SBIN,15750787,296.4
307932,"2018-02-09 15:58:40",ICICIBANK,9493393,326.75
307931,"2018-02-09 15:58:39",ICICIBANK,9493392,326.75
307929,"2018-02-09 15:58:35",ITC,14204003,271.35
307930,"2018-02-09 15:58:35",HDIL,11191722,51.55
307928,"2018-02-09 15:58:17",ICICIBANK,9493390,326.75
307927,"2018-02-09 15:58:02",ICICIBANK,9493389,326.75
307926,"2018-02-09 15:58:00",SBIN,15750586,296.4
307925,"2018-02-09 15:57:52",SBIN,15750086,296.4
307924,"2018-02-09 15:57:49",ICICIBANK,9493386,326.75
307923,"2018-02-09 15:57:47",HDIL,11189771,51.55
307922,"2018-02-09 15:57:41",ICICIBANK,9493385,326.75
307921,"2018-02-09 15:57:40",JINDALSTEL,15474462,272.65
307920,"2018-02-09 15:57:31",ICICIBANK,9493381,326.75
307919,"2018-02-09 15:57:30",SBIN,15750085,296.4
307918,"2018-02-09 15:57:24",RELIANCE,5294279,897.85
307917,"2018-02-09 15:57:15",ICICIBANK,9493380,326.75
307916,"2018-02-09 15:57:13",HDIL,11189651,51.55
307915,"2018-02-09 15:57:12",ITC,14203873,271.35
307914,"2018-02-09 15:57:08",SBIN,15750078,296.4
307913,"2018-02-09 15:56:55",ICICIBANK,9493377,326.75
307912,"2018-02-09 15:56:51",ICICIBANK,9493376,326.75
307911,"2018-02-09 15:56:47",AXISBANK,5865587,557.55
307910,"2018-02-09 15:56:30",SBIN,15749728,296.4
307909,"2018-02-09 15:56:24",ICICIBANK,9493374,326.75
307908,"2018-02-09 15:56:13",LT,2029257,1329.25
307907,"2018-02-09 15:56:09",INFY,2191345,1109.15
307906,"2018-02-09 15:55:53",SBIN,15749428,296.4
307905,"2018-02-09 15:55:46",ICICIBANK,9493373,326.75
307904,"2018-02-09 15:55:36",RELIANCE,5294079,897.85
307903,"2018-02-09 15:55:33",SBIN,15749228,296.4
307902,"2018-02-09 15:55:11",HDFCBANK,1602238,1849.5
307901,"2018-02-09 15:55:03",JINDALSTEL,15474437,272.65
307900,"2018-02-09 15:54:57",RELIANCE,5294078,897.85
307899,"2018-02-09 15:54:56",ICICIBANK,9493372,326.75
307898,"2018-02-09 15:54:55",SBIN,15749226,296.4
307897,"2018-02-09 15:54:41",HDIL,11189551,51.55
307896,"2018-02-09 15:54:32",SBIN,15748226,296.4
307894,"2018-02-09 15:54:27",SBIN,15747926,296.4
307895,"2018-02-09 15:54:27",HDIL,11189501,51.55
307893,"2018-02-09 15:54:18",SBIN,15747925,296.4
307892,"2018-02-09 15:54:14",ITC,14203723,271.35
307891,"2018-02-09 15:54:13",ICICIBANK,9493371,326.75
307890,"2018-02-09 15:54:06",SBIN,15747325,296.4
307889,"2018-02-09 15:54:04",LT,2029207,1329.25
307888,"2018-02-09 15:53:59",MARUTI,364882,8936.1
307887,"2018-02-09 15:53:57",HDIL,11189401,51.55
307886,"2018-02-09 15:53:36",AXISBANK,5865586,557.55
307885,"2018-02-09 15:53:33",ICICIBANK,9493370,326.75
307884,"2018-02-09 15:53:27",AXISBANK,5865576,557.55
307882,"2018-02-09 15:53:22",SBIN,15746325,296.4
307883,"2018-02-09 15:53:22",HDIL,11189376,51.55
307881,"2018-02-09 15:53:21",RELIANCE,5294077,897.85
307879,"2018-02-09 15:53:12",ICICIBANK,9493367,326.75
307880,"2018-02-09 15:53:12",HDIL,11189276,51.55
307878,"2018-02-09 15:53:10",AXISBANK,5865556,557.55
307877,"2018-02-09 15:52:52",SBIN,15746324,296.4
307876,"2018-02-09 15:52:48",KOTAKBANK,1898563,1032
307875,"2018-02-09 15:52:46",HDFCBANK,1602218,1849.5
307874,"2018-02-09 15:52:45",INFY,2191336,1109.15
307873,"2018-02-09 15:52:38",LT,2029106,1329.25
307872,"2018-02-09 15:52:33",LT,2029081,1329.25
307871,"2018-02-09 15:52:32",SBIN,15746304,296.4
307870,"2018-02-09 15:52:14",LT,2029071,1329.25
307869,"2018-02-09 15:52:07",MARUTI,364874,8936.1
307868,"2018-02-09 15:52:06",ICICIBANK,9493366,326.75
307867,"2018-02-09 15:52:02",LT,2029070,1329.25
307866,"2018-02-09 15:51:42",INFY,2191322,1109.15
307865,"2018-02-09 15:51:41",ICICIBANK,9493363,326.75
307864,"2018-02-09 15:51:36",JINDALSTEL,15474003,272.65
307863,"2018-02-09 15:51:31",ITC,14203523,271.35
307862,"2018-02-09 15:51:30",HDIL,11189226,51.55
307861,"2018-02-09 15:51:26",SBIN,15746300,296.4
307860,"2018-02-09 15:51:11",ICICIBANK,9493213,326.75
307859,"2018-02-09 15:51:06",SBIN,15746250,296.4
307858,"2018-02-09 15:50:40",SBIN,15746248,296.4
307857,"2018-02-09 15:50:39",LT,2028920,1329.25
307856,"2018-02-09 15:50:36",IDFCBANK,7044543,53.2
307855,"2018-02-09 15:50:24",ITC,14203422,271.35
307854,"2018-02-09 15:50:22",SBIN,15745248,296.4
307853,"2018-02-09 15:50:15",SBIN,15745158,296.4
307852,"2018-02-09 15:50:11",HDIL,11189176,51.55
307851,"2018-02-09 15:50:07",JINDALSTEL,15473978,272.65
307850,"2018-02-09 15:50:04",SBIN,15744658,296.4
307849,"2018-02-09 15:50:01",INFY,2191317,1109.15
307848,"2018-02-09 15:49:59",HDIL,11189076,51.55
307846,"2018-02-09 15:49:57",SBIN,15744158,296.4
307847,"2018-02-09 15:49:57",ICICIBANK,9493212,326.75
307845,"2018-02-09 15:49:46",ICICIBANK,9493206,326.75
307844,"2018-02-09 15:49:45",LT,2028919,1329.25
307843,"2018-02-09 15:49:40",RELIANCE,5294041,897.85
307842,"2018-02-09 15:49:39",LT,2028916,1329.25
307841,"2018-02-09 15:49:38",ICICIBANK,9493200,326.75
307840,"2018-02-09 15:49:36",JINDALSTEL,15473878,272.65
307838,"2018-02-09 15:49:30",HDFC,2773971,1773.05
307839,"2018-02-09 15:49:30",JINDALSTEL,15473778,272.65
307837,"2018-02-09 15:49:29",SBIN,15744112,296.4
307836,"2018-02-09 15:49:21",JINDALSTEL,15473678,272.65
307835,"2018-02-09 15:49:16",SBIN,15744107,296.4
307834,"2018-02-09 15:49:06",JINDALSTEL,15473378,272.65
307832,"2018-02-09 15:49:03",LT,2028881,1329.25
307833,"2018-02-09 15:49:03",HDIL,11189071,51.55
307831,"2018-02-09 15:48:39",LT,2028811,1329.25
307830,"2018-02-09 15:48:33",LT,2028810,1329.25
307829,"2018-02-09 15:48:32",SBIN,15744082,296.4
307828,"2018-02-09 15:48:29",ICICIBANK,9493199,326.75
307827,"2018-02-09 15:48:19",ITC,14203397,271.35
307826,"2018-02-09 15:48:07",IDFCBANK,7044503,53.2
307824,"2018-02-09 15:48:06",SBIN,15744072,296.4
307825,"2018-02-09 15:48:06",HDIL,11188071,51.55
307823,"2018-02-09 15:48:02",INFY,2191217,1109.15
307820,"2018-02-09 15:47:58",MARUTI,364868,8936.1
307821,"2018-02-09 15:47:58",ITC,14203372,271.35
307822,"2018-02-09 15:47:58",SBIN,15743972,296.4
307818,"2018-02-09 15:47:57",IDFCBANK,7044003,53.2
307819,"2018-02-09 15:47:57",INFY,2191197,1109.15
307817,"2018-02-09 15:47:49",SBIN,15743872,296.4
307815,"2018-02-09 15:47:48",ICICIBANK,9493129,326.75
307816,"2018-02-09 15:47:48",HDIL,11188070,51.55
307814,"2018-02-09 15:47:47",HDFC,2773946,1773.05
307812,"2018-02-09 15:47:38",INFY,2191187,1109.15
307813,"2018-02-09 15:47:38",LT,2028710,1329.25
307811,"2018-02-09 15:47:32",SBIN,15743842,296.4
307810,"2018-02-09 15:47:27",INFY,2191167,1109.15
307809,"2018-02-09 15:47:24",HDFC,2773891,1773.05
307808,"2018-02-09 15:47:23",HDIL,11188020,51.55
307807,"2018-02-09 15:47:21",INFY,2191146,1109.15
307806,"2018-02-09 15:47:15",SBIN,15743841,296.4
307805,"2018-02-09 15:47:12",ICICIBANK,9493124,326.75
307804,"2018-02-09 15:47:09",LT,2028700,1329.25
307803,"2018-02-09 15:47:07",INFY,2191136,1109.15
307801,"2018-02-09 15:47:04",HDFC,2773866,1773.05
307802,"2018-02-09 15:47:04",HDIL,11187450,51.55
307799,"2018-02-09 15:47:03",HDFC,2773866,1773.05
307800,"2018-02-09 15:47:03",HDFC,2773861,1773.05
307798,"2018-02-09 15:47:02",LT,2028699,1329.25
307797,"2018-02-09 15:46:57",ICICIBANK,9493109,326.75
307795,"2018-02-09 15:46:42",INFY,2191123,1109.15
307796,"2018-02-09 15:46:42",SBIN,15743801,296.4
307794,"2018-02-09 15:46:41",HDIL,11185450,51.55
307793,"2018-02-09 15:46:36",SBIN,15743781,296.4
307792,"2018-02-09 15:46:34",AXISBANK,5865536,557.55
307790,"2018-02-09 15:46:30",HDIL,11185125,51.55
307791,"2018-02-09 15:46:30",INFY,2191118,1109.15
307789,"2018-02-09 15:46:25",ITC,14202872,271.35
307788,"2018-02-09 15:46:24",SBIN,15743776,296.4
307787,"2018-02-09 15:46:22",HDFC,2773861,1773.05
307786,"2018-02-09 15:46:18",SBIN,15743771,296.4
307785,"2018-02-09 15:46:17",ICICIBANK,9493108,326.75
307784,"2018-02-09 15:46:16",JINDALSTEL,15473353,272.65
307783,"2018-02-09 15:46:12",HDFCBANK,1602168,1849.5
307782,"2018-02-09 15:46:01",MARUTI,364867,8936.1
307781,"2018-02-09 15:46:00",SBIN,15743767,296.4
307780,"2018-02-09 15:45:56",ICICIBANK,9493008,326.75
307778,"2018-02-09 15:45:46",HDIL,11185075,51.55
307779,"2018-02-09 15:45:46",ICICIBANK,9493007,326.75
307777,"2018-02-09 15:45:39",ICICIBANK,9493006,326.75
307776,"2018-02-09 15:45:38",INFY,2191111,1109.15
307774,"2018-02-09 15:45:36",JINDALSTEL,15473162,272.65
307775,"2018-02-09 15:45:36",LT,2028694,1329.25
307773,"2018-02-09 15:45:31",HDFCBANK,1602143,1849.5
307772,"2018-02-09 15:45:24",MARUTI,364857,8936.1
307770,"2018-02-09 15:45:22",AXISBANK,5865511,557.55
307771,"2018-02-09 15:45:22",RELIANCE,5293991,897.85
307769,"2018-02-09 15:45:15",LT,2028684,1329.25
307768,"2018-02-09 15:45:10",MARUTI,364856,8936.1
307767,"2018-02-09 15:45:07",IDFCBANK,7042003,53.2
307766,"2018-02-09 15:45:06",HDFCBANK,1602114,1849.5
307765,"2018-02-09 15:45:02",ICICIBANK,9492976,326.75
307764,"2018-02-09 15:44:59",LT,2028674,1329.25
307763,"2018-02-09 15:44:56",HDIL,11185025,51.55
307762,"2018-02-09 15:44:53",JINDALSTEL,15473112,272.65
307761,"2018-02-09 15:44:50",SBIN,15743663,296.4
307760,"2018-02-09 15:44:33",SBIN,15743628,296.4
307759,"2018-02-09 15:44:32",ICICIBANK,9492972,326.75
307758,"2018-02-09 15:44:28",ICICIBANK,9492971,326.75
307757,"2018-02-09 15:44:27",ITC,14202771,271.35
307756,"2018-02-09 15:44:25",INFY,2191103,1109.15
307754,"2018-02-09 15:44:23",HDIL,11179925,51.55
307755,"2018-02-09 15:44:23",HDFC,2773736,1773.05
307753,"2018-02-09 15:44:22",SBIN,15743622,296.4
307752,"2018-02-09 15:44:17",ICICIBANK,9492970,326.75
307751,"2018-02-09 15:44:16",ITC,14202751,271.35
307748,"2018-02-09 15:44:14",HDFC,2773731,1773.05
307749,"2018-02-09 15:44:14",ITC,14202655,271.35
307750,"2018-02-09 15:44:14",AXISBANK,5865496,557.55
307746,"2018-02-09 15:44:13",ITC,14202751,271.35
307747,"2018-02-09 15:44:13",INFY,2191101,1109.15
307745,"2018-02-09 15:44:10",HDIL,11179225,51.55
307744,"2018-02-09 15:44:08",ICICIBANK,9492969,326.75
307743,"2018-02-09 15:44:06",KOTAKBANK,1898558,1032
307742,"2018-02-09 15:44:04",JINDALSTEL,15473102,272.65
307741,"2018-02-09 15:44:02",ICICIBANK,9492968,326.75
307740,"2018-02-09 15:44:01",ICICIBANK,9492965,326.75
307739,"2018-02-09 15:44:00",LT,2028664,1329.25
307738,"2018-02-09 15:43:57",ICICIBANK,9492967,326.75
307737,"2018-02-09 15:43:52",ICICIBANK,9492965,326.75
307736,"2018-02-09 15:43:47",ITC,14202655,271.35
307735,"2018-02-09 15:43:45",SBIN,15743587,296.4
307734,"2018-02-09 15:43:42",INFY,2191076,1109.15
307733,"2018-02-09 15:43:38",ICICIBANK,9492963,326.75
307731,"2018-02-09 15:43:37",LT,2028663,1329.25
307732,"2018-02-09 15:43:37",ITC,14202155,271.35
307729,"2018-02-09 15:43:36",MARUTI,364855,8936.1
307730,"2018-02-09 15:43:36",HDFC,2773706,1773.05
307728,"2018-02-09 15:43:33",INFY,2191053,1109.15
307727,"2018-02-09 15:43:28",ICICIBANK,9492962,326.75
307725,"2018-02-09 15:43:20",ICICIBANK,9492960,326.75
307726,"2018-02-09 15:43:20",ITC,14202149,271.35
307724,"2018-02-09 15:43:19",LT,2028638,1329.25
307723,"2018-02-09 15:43:12",ICICIBANK,9492958,326.75
307722,"2018-02-09 15:43:06",JINDALSTEL,15472353,272.65
307720,"2018-02-09 15:43:05",SBIN,15743337,296.4
307721,"2018-02-09 15:43:05",ICICIBANK,9492957,326.75
307719,"2018-02-09 15:43:04",AXISBANK,5865406,557.55
307717,"2018-02-09 15:43:03",HDFC,2773691,1773.05
307718,"2018-02-09 15:43:03",IDFCBANK,7041003,53.2
307716,"2018-02-09 15:42:59",ICICIBANK,9492955,326.75
307715,"2018-02-09 15:42:58",HDFCBANK,1602113,1849.5
307713,"2018-02-09 15:42:57",MARUTI,364854,8936.1
307714,"2018-02-09 15:42:57",SBIN,15743223,296.4
307711,"2018-02-09 15:42:46",SBIN,15743123,296.4
307712,"2018-02-09 15:42:46",HDIL,11179075,51.55
307710,"2018-02-09 15:42:43",RELIANCE,5293972,897.85
307709,"2018-02-09 15:42:41",ICICIBANK,9492954,326.75
307706,"2018-02-09 15:42:38",SBIN,15743113,296.4
307707,"2018-02-09 15:42:38",LT,2028637,1329.25
307708,"2018-02-09 15:42:38",HDIL,11178575,51.55
307705,"2018-02-09 15:42:37",SBIN,15743111,296.4
307704,"2018-02-09 15:42:33",ICICIBANK,9492949,326.75
307702,"2018-02-09 15:42:31",JINDALSTEL,15471736,272.65
307703,"2018-02-09 15:42:31",RELIANCE,5293947,897.85
307701,"2018-02-09 15:42:30",HDFC,2773671,1773.05
307700,"2018-02-09 15:42:25",ICICIBANK,9492936,326.75
307698,"2018-02-09 15:42:21",JINDALSTEL,15471636,272.65
307699,"2018-02-09 15:42:21",SBIN,15743061,296.4
307697,"2018-02-09 15:42:16",HDFCBANK,1602103,1849.5
307696,"2018-02-09 15:42:14",SBIN,15743030,296.4
307695,"2018-02-09 15:42:13",ICICIBANK,9492932,326.75
307694,"2018-02-09 15:42:11",JINDALSTEL,15471560,272.65
307692,"2018-02-09 15:42:07",HDFC,2773661,1773.05
307693,"2018-02-09 15:42:07",ICICIBANK,9492931,326.75
307690,"2018-02-09 15:42:01",ICICIBANK,9492924,326.75
307691,"2018-02-09 15:42:01",INFY,2191026,1109.15
307689,"2018-02-09 15:41:59",ITC,14201911,271.35
307687,"2018-02-09 15:41:58",ICICIBANK,9492923,326.75
307688,"2018-02-09 15:41:58",HDIL,11178075,51.55
307686,"2018-02-09 15:41:57",JINDALSTEL,15471509,272.65
307685,"2018-02-09 15:41:56",RELIANCE,5293747,897.85
307684,"2018-02-09 15:41:53",ICICIBANK,9492922,326.75
307683,"2018-02-09 15:41:52",HDFCBANK,1602098,1849.5
307682,"2018-02-09 15:41:51",JINDALSTEL,15471438,272.65
307681,"2018-02-09 15:41:47",SBIN,15743020,296.4
307680,"2018-02-09 15:41:46",HDIL,11177975,51.55
307679,"2018-02-09 15:41:43",HDIL,11177475,51.55
307678,"2018-02-09 15:41:39",ICICIBANK,9492919,326.75
307677,"2018-02-09 15:41:38",LT,2028635,1329.25
307676,"2018-02-09 15:41:35",ITC,14201731,271.35
307675,"2018-02-09 15:41:34",SBIN,15742716,296.4
307674,"2018-02-09 15:41:30",JINDALSTEL,15471338,272.65
307673,"2018-02-09 15:41:29",ICICIBANK,9492817,326.75
307672,"2018-02-09 15:41:26",SBIN,15742641,296.4
307670,"2018-02-09 15:41:23",HDFC,2773561,1773.05
307671,"2018-02-09 15:41:23",RELIANCE,5293717,897.85
307668,"2018-02-09 15:41:22",INFY,2191016,1109.15
307669,"2018-02-09 15:41:22",HDIL,11175692,51.55
307665,"2018-02-09 15:41:21",KOTAKBANK,1898539,1032
307666,"2018-02-09 15:41:21",ICICIBANK,9492813,326.75
307667,"2018-02-09 15:41:21",MARUTI,364853,8936.1
307664,"2018-02-09 15:41:19",ICICIBANK,9492810,326.75
307663,"2018-02-09 15:41:18",INFY,2190832,1109.15
307661,"2018-02-09 15:41:09",JINDALSTEL,15470838,272.65
307662,"2018-02-09 15:41:09",LT,2028368,1329.25
307660,"2018-02-09 15:41:08",IDFCBANK,7040863,53.2
307659,"2018-02-09 15:41:06",KOTAKBANK,1898368,1032
307657,"2018-02-09 15:41:05",SBIN,15742615,296.4
307658,"2018-02-09 15:41:05",HDFC,2773518,1773.05
307655,"2018-02-09 15:41:04",ICICIBANK,9491981,326.75
307656,"2018-02-09 15:41:04",HDIL,11175075,51.55
307654,"2018-02-09 15:41:01",IDFCBANK,7038863,53.2
307652,"2018-02-09 15:41:00",ITC,14201675,271.35
307653,"2018-02-09 15:41:00",LT,2028363,1329.25
307651,"2018-02-09 15:40:58",RELIANCE,5293716,897.85
307650,"2018-02-09 15:40:57",JINDALSTEL,15469538,272.65
307647,"2018-02-09 15:40:56",AXISBANK,5865306,557.55
307648,"2018-02-09 15:40:56",AXISBANK,5865305,557.55
307649,"2018-02-09 15:40:56",AXISBANK,5865306,557.55
307645,"2018-02-09 15:40:55",ITC,14201665,271.35
307646,"2018-02-09 15:40:55",ICICIBANK,9491979,326.75
307644,"2018-02-09 15:40:51",HDIL,11173075,51.55
307642,"2018-02-09 15:40:50",ICICIBANK,9491977,326.75
307643,"2018-02-09 15:40:50",INFY,2190745,1109.15
307641,"2018-02-09 15:40:49",SBIN,15742390,296.4
307640,"2018-02-09 15:40:43",SBIN,15742089,296.4
307638,"2018-02-09 15:40:40",MARUTI,364828,8936.1
307639,"2018-02-09 15:40:40",ITC,14201661,271.35
307635,"2018-02-09 15:40:39",HDIL,11172075,51.55
307636,"2018-02-09 15:40:39",RELIANCE,5293706,897.85
307637,"2018-02-09 15:40:39",JINDALSTEL,15469313,272.65
307633,"2018-02-09 15:40:38",SBIN,15741039,296.4
307634,"2018-02-09 15:40:38",ICICIBANK,9491971,326.75
307632,"2018-02-09 15:40:32",AXISBANK,5865305,557.55
307631,"2018-02-09 15:40:27",MARUTI,364717,8936.1
307630,"2018-02-09 15:40:26",LT,2028310,1329.25
307629,"2018-02-09 15:40:25",INFY,2190452,1109.15
307626,"2018-02-09 15:40:24",RELIANCE,5293671,897.85
307627,"2018-02-09 15:40:24",HDFC,2773504,1773.05
307628,"2018-02-09 15:40:24",JINDALSTEL,15468813,272.65
307624,"2018-02-09 15:40:18",ICICIBANK,9491970,326.75
307625,"2018-02-09 15:40:18",SBIN,15740339,296.4
307622,"2018-02-09 15:40:17",HDIL,11169452,51.55
307623,"2018-02-09 15:40:17",ITC,14201476,271.35
307621,"2018-02-09 15:40:15",HDFC,2773451,1773.05
307618,"2018-02-09 15:40:14",JINDALSTEL,15467813,272.65
307619,"2018-02-09 15:40:14",LT,2028298,1329.25
307620,"2018-02-09 15:40:14",RELIANCE,5293541,897.85
307617,"2018-02-09 15:40:08",HDIL,11168552,51.55
307614,"2018-02-09 15:40:07",KOTAKBANK,1898346,1032
307615,"2018-02-09 15:40:07",MARUTI,364687,8936.1
307616,"2018-02-09 15:40:07",ICICIBANK,9491965,326.75
307611,"2018-02-09 15:40:06",JINDALSTEL,15466813,272.65
307612,"2018-02-09 15:40:06",HDFC,2773448,1773.05
307613,"2018-02-09 15:40:06",INFY,2190412,1109.15
307608,"2018-02-09 15:40:05",RELIANCE,5293391,897.85
307609,"2018-02-09 15:40:05",LT,2028223,1329.25
307610,"2018-02-09 15:40:05",ITC,14201466,271.35
307606,"2018-02-09 15:40:04",SBIN,15740289,296.4
307607,"2018-02-09 15:40:04",AXISBANK,5865299,557.55
307605,"2018-02-09 15:39:57",AXISBANK,5865297,557.55
307604,"2018-02-09 15:30:15",JINDALSTEL,15464304,272.2
307602,"2018-02-09 15:30:13",IDFCBANK,7036083,53.35
307603,"2018-02-09 15:30:13",HDIL,11162347,51.55
307601,"2018-02-09 15:30:09",SBIN,15737959,295.4
307600,"2018-02-09 15:30:07",INFY,2190090,1112
307599,"2018-02-09 15:30:04",HDFCBANK,1601598,1852
307598,"2018-02-09 15:30:01",LT,2028011,1330
307594,"2018-02-09 15:29:59",ITC,14199540,271.5
307595,"2018-02-09 15:29:59",KOTAKBANK,1898338,1036
307596,"2018-02-09 15:29:59",JINDALSTEL,15464218,272.15
307597,"2018-02-09 15:29:59",RELIANCE,5292264,899.95
307591,"2018-02-09 15:29:58",HDFC,2773259,1776.65
307592,"2018-02-09 15:29:58",IDFCBANK,7034583,53.3
307593,"2018-02-09 15:29:58",HDIL,11162332,51.55
307589,"2018-02-09 15:29:57",ICICIBANK,9490118,327.5
307590,"2018-02-09 15:29:57",AXISBANK,5864997,558.05
307588,"2018-02-09 15:29:56",MARUTI,364559,8940
307587,"2018-02-09 15:29:55",IDFCBANK,7031380,53.35
307586,"2018-02-09 15:29:54",ITC,14195110,271.65
307584,"2018-02-09 15:29:50",RELIANCE,5287166,900
307585,"2018-02-09 15:29:50",LT,2027719,1331
307582,"2018-02-09 15:29:49",ICICIBANK,9486699,327.5
307583,"2018-02-09 15:29:49",SBIN,15729167,295.45
307578,"2018-02-09 15:29:48",JINDALSTEL,15453442,272.15
307579,"2018-02-09 15:29:48",HDIL,11149127,51.55
307580,"2018-02-09 15:29:48",INFY,2188811,1112
307581,"2018-02-09 15:29:48",HDFC,2772094,1775.15
307574,"2018-02-09 15:29:47",ICICIBANK,9485860,327.05
307575,"2018-02-09 15:29:47",KOTAKBANK,1897739,1034.85
307576,"2018-02-09 15:29:47",MARUTI,364474,8938.15
307577,"2018-02-09 15:29:47",HDFCBANK,1600241,1850
307572,"2018-02-09 15:29:46",AXISBANK,5864022,558
307573,"2018-02-09 15:29:46",ICICIBANK,9486699,327.5
307571,"2018-02-09 15:29:42",HDIL,11141161,51.55
307568,"2018-02-09 15:29:41",HDFCBANK,1599124,1851.5
307569,"2018-02-09 15:29:41",LT,2026898,1331
307570,"2018-02-09 15:29:41",ICICIBANK,9485860,327.05
307563,"2018-02-09 15:29:40",JINDALSTEL,15451011,272.1
307564,"2018-02-09 15:29:40",INFY,2188312,1111.2
307565,"2018-02-09 15:29:40",RELIANCE,5283114,899.8
307566,"2018-02-09 15:29:40",MARUTI,364299,8940
307567,"2018-02-09 15:29:40",SBIN,15722909,295.7
307559,"2018-02-09 15:29:38",AXISBANK,5863455,557.95
307560,"2018-02-09 15:29:38",ITC,14187721,271.65
307561,"2018-02-09 15:29:38",IDFCBANK,7029600,53.3
307562,"2018-02-09 15:29:38",HDFC,2766336,1776.6
307557,"2018-02-09 15:29:37",MARUTI,364177,8938
307558,"2018-02-09 15:29:37",JINDALSTEL,15435896,272.45
307554,"2018-02-09 15:29:33",ITC,14181187,271.6
307555,"2018-02-09 15:29:33",HDFCBANK,1598843,1851
307556,"2018-02-09 15:29:33",HDIL,11129976,51.5
307553,"2018-02-09 15:29:32",HDFC,2723536,1773.85
307549,"2018-02-09 15:29:31",AXISBANK,5862748,558.4
307550,"2018-02-09 15:29:31",INFY,2187487,1111.85
307551,"2018-02-09 15:29:31",RELIANCE,5277585,899
307552,"2018-02-09 15:29:31",IDFCBANK,7028974,53.2
307546,"2018-02-09 15:29:30",ICICIBANK,9483354,327.4
307547,"2018-02-09 15:29:30",SBIN,15715634,295.45
307548,"2018-02-09 15:29:30",LT,2026167,1331.4
307545,"2018-02-09 15:29:27",LT,2024546,1331
307544,"2018-02-09 15:29:26",SBIN,15701846,295.3
307543,"2018-02-09 15:29:25",INFY,2185740,1111.1
307540,"2018-02-09 15:29:24",ICICIBANK,9478239,327.45
307541,"2018-02-09 15:29:24",ITC,14177802,271.55
307542,"2018-02-09 15:29:24",JINDALSTEL,15430152,272.2
307536,"2018-02-09 15:29:23",HDFCBANK,1598208,1851
307537,"2018-02-09 15:29:23",HDIL,11114448,51.6
307538,"2018-02-09 15:29:23",AXISBANK,5861952,558.4
307539,"2018-02-09 15:29:23",HDFC,2720741,1773.8
307533,"2018-02-09 15:29:22",RELIANCE,5274760,899.1
307534,"2018-02-09 15:29:22",IDFCBANK,7025429,53.25
307535,"2018-02-09 15:29:22",MARUTI,364095,8939
307530,"2018-02-09 15:29:21",AXISBANK,5861952,558.4
307531,"2018-02-09 15:29:21",AXISBANK,5860824,557.75
307532,"2018-02-09 15:29:21",KOTAKBANK,1897141,1034.95
307529,"2018-02-09 15:29:20",HDFC,2716967,1773.75
307528,"2018-02-09 15:29:19",ITC,14173973,271.7
307527,"2018-02-09 15:29:18",JINDALSTEL,15423069,272.4
307526,"2018-02-09 15:29:17",KOTAKBANK,1897115,1034.65
307525,"2018-02-09 15:29:16",SBIN,15686595,295.3
307524,"2018-02-09 15:29:15",INFY,2184852,1111
307520,"2018-02-09 15:29:14",ICICIBANK,9476781,327.45
307521,"2018-02-09 15:29:14",HDFCBANK,1597617,1851
307522,"2018-02-09 15:29:14",LT,2024187,1331
307523,"2018-02-09 15:29:14",HDIL,11088801,51.55
307518,"2018-02-09 15:29:13",AXISBANK,5860824,557.75
307519,"2018-02-09 15:29:13",IDFCBANK,7024479,53.2
307516,"2018-02-09 15:29:10",INFY,2181762,1111
307517,"2018-02-09 15:29:10",ICICIBANK,9473285,327.45
307515,"2018-02-09 15:29:08",IDFCBANK,7012989,53.2
307513,"2018-02-09 15:29:07",SBIN,15674740,295.25
307514,"2018-02-09 15:29:07",LT,2020009,1330.5
307509,"2018-02-09 15:29:06",RELIANCE,5266607,899
307510,"2018-02-09 15:29:06",KOTAKBANK,1894705,1032.7
307511,"2018-02-09 15:29:06",MARUTI,363756,8939
307512,"2018-02-09 15:29:06",HDIL,11080005,51.55
307506,"2018-02-09 15:29:05",ITC,14172174,271.65
307507,"2018-02-09 15:29:05",HDFC,2715668,1773.8
307508,"2018-02-09 15:29:05",AXISBANK,5859079,557.95
307504,"2018-02-09 15:29:04",KOTAKBANK,1893716,1032.8
307505,"2018-02-09 15:29:04",JINDALSTEL,15420830,272.4
307502,"2018-02-09 15:29:02",JINDALSTEL,15413529,272.45
307503,"2018-02-09 15:29:02",ICICIBANK,9470437,327.5
307501,"2018-02-09 15:29:00",SBIN,15664690,295.2
307500,"2018-02-09 15:28:59",RELIANCE,5263528,899
307498,"2018-02-09 15:28:58",IDFCBANK,7010140,53.25
307499,"2018-02-09 15:28:58",MARUTI,363413,8939.45
307495,"2018-02-09 15:28:57",HDIL,11072314,51.6
307496,"2018-02-09 15:28:57",INFY,2179505,1110.05
307497,"2018-02-09 15:28:57",AXISBANK,5858482,558
307491,"2018-02-09 15:28:56",HDFCBANK,1597038,1850.25
307492,"2018-02-09 15:28:56",HDFC,2710430,1772.8
307493,"2018-02-09 15:28:56",ITC,14158384,271.65
307494,"2018-02-09 15:28:56",LT,2019666,1330.5
307490,"2018-02-09 15:28:55",ITC,14155255,271.6
307489,"2018-02-09 15:28:54",HDIL,11046190,51.55
307488,"2018-02-09 15:28:52",IDFCBANK,7009602,53.2
307487,"2018-02-09 15:28:51",INFY,2177705,1110
307485,"2018-02-09 15:28:50",JINDALSTEL,15409485,272.55
307486,"2018-02-09 15:28:50",MARUTI,363218,8940.8
307484,"2018-02-09 15:28:49",LT,2019241,1331
307481,"2018-02-09 15:28:48",AXISBANK,5855971,558.5
307482,"2018-02-09 15:28:48",SBIN,15635307,295.2
307483,"2018-02-09 15:28:48",ICICIBANK,9456376,327.6
307478,"2018-02-09 15:28:47",KOTAKBANK,1893641,1033.2
307479,"2018-02-09 15:28:47",HDFCBANK,1596738,1851.45
307480,"2018-02-09 15:28:47",HDFC,2707459,1773
307476,"2018-02-09 15:28:46",HDIL,11038702,51.6
307477,"2018-02-09 15:28:46",MARUTI,363041,8940.75
307475,"2018-02-09 15:28:44",HDFC,2699153,1772.95
307474,"2018-02-09 15:28:43",KOTAKBANK,1893119,1033.25
307472,"2018-02-09 15:28:42",HDFCBANK,1596415,1851.45
307473,"2018-02-09 15:28:42",RELIANCE,5259425,899.15
307466,"2018-02-09 15:28:41",INFY,2174933,1110.15
307467,"2018-02-09 15:28:41",LT,2017794,1331
307468,"2018-02-09 15:28:41",AXISBANK,5855154,558.4
307469,"2018-02-09 15:28:41",JINDALSTEL,15407517,272.5
307470,"2018-02-09 15:28:41",ICICIBANK,9449429,327.65
307471,"2018-02-09 15:28:41",SBIN,15631032,295.1
307465,"2018-02-09 15:28:39",ITC,14153655,271.7
307463,"2018-02-09 15:28:37",KOTAKBANK,1893091,1033.25
307464,"2018-02-09 15:28:37",AXISBANK,5853617,558
307462,"2018-02-09 15:28:36",MARUTI,362774,8940.85
307460,"2018-02-09 15:28:35",HDIL,11029467,51.6
307461,"2018-02-09 15:28:35",SBIN,15622361,295.2
307458,"2018-02-09 15:28:33",JINDALSTEL,15402339,272.25
307459,"2018-02-09 15:28:33",LT,2016405,1330.3
307456,"2018-02-09 15:28:32",ICICIBANK,9445295,327.65
307457,"2018-02-09 15:28:32",INFY,2167661,1110
307455,"2018-02-09 15:28:26",IDFCBANK,6991676,53.2
307452,"2018-02-09 15:28:25",SBIN,15596655,295.55
307453,"2018-02-09 15:28:25",HDFCBANK,1595900,1851
307454,"2018-02-09 15:28:25",ITC,14141238,271.55
307448,"2018-02-09 15:28:24",LT,2014863,1330.1
307449,"2018-02-09 15:28:24",MARUTI,362532,8940.95
307450,"2018-02-09 15:28:24",JINDALSTEL,15395769,272.85
307451,"2018-02-09 15:28:24",AXISBANK,5853122,558.25
307445,"2018-02-09 15:28:23",KOTAKBANK,1891183,1033
307446,"2018-02-09 15:28:23",RELIANCE,5246788,899
307447,"2018-02-09 15:28:23",HDIL,11025183,51.55
307444,"2018-02-09 15:28:22",KOTAKBANK,1891170,1033
307442,"2018-02-09 15:28:20",HDFC,2686962,1773
307443,"2018-02-09 15:28:20",LT,2014031,1330
307439,"2018-02-09 15:28:17",ITC,14136262,271.6
307440,"2018-02-09 15:28:17",IDFCBANK,6991603,53.3
307441,"2018-02-09 15:28:17",HDFCBANK,1595807,1851.7
307437,"2018-02-09 15:28:16",JINDALSTEL,15390415,272.6
307438,"2018-02-09 15:28:16",RELIANCE,5242387,899.25
307435,"2018-02-09 15:28:15",AXISBANK,5852745,558.25
307436,"2018-02-09 15:28:15",SBIN,15582456,295.8
307432,"2018-02-09 15:28:14",ICICIBANK,9429686,327.45
307433,"2018-02-09 15:28:14",HDIL,11016398,51.5
307434,"2018-02-09 15:28:14",MARUTI,362169,8940.95
307431,"2018-02-09 15:28:13",ITC,14132303,271.7
307430,"2018-02-09 15:28:10",RELIANCE,5237261,899.1
307429,"2018-02-09 15:28:08",IDFCBANK,6988148,53.2
307428,"2018-02-09 15:28:07",KOTAKBANK,1890928,1033
307424,"2018-02-09 15:28:06",ICICIBANK,9426460,327.45
307425,"2018-02-09 15:28:06",LT,2012589,1330.05
307426,"2018-02-09 15:28:06",INFY,2161599,1110.5
307427,"2018-02-09 15:28:06",SBIN,15577342,295.8
307420,"2018-02-09 15:28:05",AXISBANK,5852601,558.4
307421,"2018-02-09 15:28:05",HDFC,2681660,1774
307422,"2018-02-09 15:28:05",HDIL,11008172,51.5
307423,"2018-02-09 15:28:05",HDFCBANK,1595521,1850.3
307418,"2018-02-09 15:28:04",KOTAKBANK,1890554,1033.1
307419,"2018-02-09 15:28:04",ICICIBANK,9424625,327.45
307417,"2018-02-09 15:28:03",HDIL,11001182,51.55
307412,"2018-02-09 15:28:02",HDFC,2679606,1772.9
307413,"2018-02-09 15:28:02",MARUTI,361724,8941
307414,"2018-02-09 15:28:02",ITC,14129580,271.8
307415,"2018-02-09 15:28:02",HDFCBANK,1595214,1850.85
307416,"2018-02-09 15:28:02",JINDALSTEL,15383640,272.45
307409,"2018-02-09 15:28:01",AXISBANK,5852505,558.45
307410,"2018-02-09 15:28:01",INFY,2160502,1110.05
307411,"2018-02-09 15:28:01",SBIN,15573038,296
307408,"2018-02-09 15:28:00",HDFC,2678371,1773.25
307407,"2018-02-09 15:27:59",INFY,2159326,1110.5
307405,"2018-02-09 15:27:58",JINDALSTEL,15381422,272.45
307406,"2018-02-09 15:27:58",KOTAKBANK,1890399,1033.35
307402,"2018-02-09 15:27:57",LT,2010630,1330
307403,"2018-02-09 15:27:57",RELIANCE,5233418,899.05
307404,"2018-02-09 15:27:57",ICICIBANK,9423605,327.5
307400,"2018-02-09 15:27:56",AXISBANK,5852077,558.4
307401,"2018-02-09 15:27:56",HDFCBANK,1595062,1850.85
307399,"2018-02-09 15:27:55",LT,2009328,1330
307398,"2018-02-09 15:27:53",JINDALSTEL,15372429,272.45
307394,"2018-02-09 15:27:49",IDFCBANK,6984015,53.25
307395,"2018-02-09 15:27:49",HDIL,10998210,51.5
307396,"2018-02-09 15:27:49",SBIN,15557396,296.1
307397,"2018-02-09 15:27:49",RELIANCE,5232469,899.25
307392,"2018-02-09 15:27:48",HDFCBANK,1594980,1851
307393,"2018-02-09 15:27:48",HDFC,2671456,1774.05
307386,"2018-02-09 15:27:47",ITC,14110350,271.55
307387,"2018-02-09 15:27:47",AXISBANK,5850193,558.7
307388,"2018-02-09 15:27:47",INFY,2156574,1110.8
307389,"2018-02-09 15:27:47",ICICIBANK,9416219,327.5
307390,"2018-02-09 15:27:47",MARUTI,360533,8931
307391,"2018-02-09 15:27:47",KOTAKBANK,1889846,1032
307385,"2018-02-09 15:27:44",KOTAKBANK,1888804,1032.3
307384,"2018-02-09 15:27:43",IDFCBANK,6971218,53.2
307383,"2018-02-09 15:27:42",SBIN,15542469,296
307381,"2018-02-09 15:27:41",ICICIBANK,9408148,327.5
307382,"2018-02-09 15:27:41",MARUTI,360243,8928.85
307379,"2018-02-09 15:27:40",JINDALSTEL,15372012,272.35
307380,"2018-02-09 15:27:40",HDFCBANK,1594726,1850
307374,"2018-02-09 15:27:39",RELIANCE,5227744,899.25
307375,"2018-02-09 15:27:39",INFY,2155091,1110.6
307376,"2018-02-09 15:27:39",LT,2008111,1330.2
307377,"2018-02-09 15:27:39",AXISBANK,5843753,558.8
307378,"2018-02-09 15:27:39",HDIL,10994910,51.5
307372,"2018-02-09 15:27:38",MARUTI,359783,8926.55
307373,"2018-02-09 15:27:38",HDFC,2657146,1773.95
307370,"2018-02-09 15:27:37",RELIANCE,5220809,898.95
307371,"2018-02-09 15:27:37",JINDALSTEL,15363234,272.55
307369,"2018-02-09 15:27:35",HDIL,10990777,51.5
307368,"2018-02-09 15:27:33",SBIN,15534029,296.05
307366,"2018-02-09 15:27:32",ITC,14087867,271.35
307367,"2018-02-09 15:27:32",ICICIBANK,9403089,327.5
307361,"2018-02-09 15:27:31",KOTAKBANK,1887942,1032.95
307362,"2018-02-09 15:27:31",LT,2007006,1330.15
307363,"2018-02-09 15:27:31",IDFCBANK,6968078,53.2
307364,"2018-02-09 15:27:31",HDFC,2653182,1773.1
307365,"2018-02-09 15:27:31",INFY,2151877,1110.15
307359,"2018-02-09 15:27:30",AXISBANK,5840286,558.8
307360,"2018-02-09 15:27:30",HDFCBANK,1592609,1851.05
307358,"2018-02-09 15:27:29",HDIL,10981029,51.55
307353,"2018-02-09 15:27:25",IDFCBANK,6954838,53.2
307354,"2018-02-09 15:27:25",KOTAKBANK,1887830,1033.45
307355,"2018-02-09 15:27:25",RELIANCE,5216738,898.9
307356,"2018-02-09 15:27:25",JINDALSTEL,15359362,272.6
307357,"2018-02-09 15:27:25",HDFCBANK,1590457,1850.55
307351,"2018-02-09 15:27:24",MARUTI,359634,8929.5
307352,"2018-02-09 15:27:24",SBIN,15525653,296
307347,"2018-02-09 15:27:23",ICICIBANK,9398835,327.55
307348,"2018-02-09 15:27:23",HDFC,2642693,1773.35
307349,"2018-02-09 15:27:23",ITC,14082858,271.4
307350,"2018-02-09 15:27:23",LT,2004659,1330.25
307344,"2018-02-09 15:27:22",INFY,2148913,1109.9
307345,"2018-02-09 15:27:22",ITC,14073669,271.35
307346,"2018-02-09 15:27:22",AXISBANK,5834051,558.7
307343,"2018-02-09 15:27:21",ICICIBANK,9396637,327.55
307342,"2018-02-09 15:27:20",INFY,2146110,1109.45
307339,"2018-02-09 15:27:17",HDIL,10972214,51.55
307340,"2018-02-09 15:27:17",LT,2004374,1330.25
307341,"2018-02-09 15:27:17",JINDALSTEL,15351383,272.6
307336,"2018-02-09 15:27:16",AXISBANK,5833252,558.6
307337,"2018-02-09 15:27:16",MARUTI,359471,8926.15
307338,"2018-02-09 15:27:16",HDFCBANK,1590165,1850.6
307334,"2018-02-09 15:27:15",SBIN,15504041,295.8
307335,"2018-02-09 15:27:15",RELIANCE,5213928,898.95
307333,"2018-02-09 15:27:14",RELIANCE,5208345,898.5
307331,"2018-02-09 15:27:12",IDFCBANK,6945834,53.2
307332,"2018-02-09 15:27:12",ITC,14063364,271.35
307330,"2018-02-09 15:27:10",HDIL,10964247,51.55
307325,"2018-02-09 15:27:08",INFY,2144146,1109.4
307326,"2018-02-09 15:27:08",JINDALSTEL,15349349,272.5
307327,"2018-02-09 15:27:08",SBIN,15497641,295.8
307328,"2018-02-09 15:27:08",HDFCBANK,1589918,1850.95
307329,"2018-02-09 15:27:08",HDFC,2633780,1772.85
307324,"2018-02-09 15:27:07",AXISBANK,5832497,558.6
307323,"2018-02-09 15:27:06",MARUTI,359133,8925.95
307322,"2018-02-09 15:27:04",IDFCBANK,6936381,53.2
307321,"2018-02-09 15:27:02",JINDALSTEL,15345830,272.5
307319,"2018-02-09 15:27:01",KOTAKBANK,1885546,1034.15
307320,"2018-02-09 15:27:01",HDFCBANK,1589585,1851
307315,"2018-02-09 15:27:00",SBIN,15492337,295.9
307316,"2018-02-09 15:27:00",MARUTI,359044,8925.1
307317,"2018-02-09 15:27:00",RELIANCE,5205402,898.2
307318,"2018-02-09 15:27:00",INFY,2139412,1109.3
307310,"2018-02-09 15:26:59",AXISBANK,5828331,558.55
307311,"2018-02-09 15:26:59",HDIL,10958219,51.5
307312,"2018-02-09 15:26:59",HDFC,2629314,1772.75
307313,"2018-02-09 15:26:59",ITC,14047198,271.35
307314,"2018-02-09 15:26:59",LT,2000918,1330.3
307309,"2018-02-09 15:26:58",SBIN,15487076,295.9
307307,"2018-02-09 15:26:55",RELIANCE,5203280,898.35
307308,"2018-02-09 15:26:55",AXISBANK,5823239,558.45
307305,"2018-02-09 15:26:54",HDFCBANK,1589435,1851
307306,"2018-02-09 15:26:54",HDIL,10946325,51.5
307303,"2018-02-09 15:26:53",IDFCBANK,6933939,53.2
307304,"2018-02-09 15:26:53",ICICIBANK,9377794,327.65
307301,"2018-02-09 15:26:52",KOTAKBANK,1884561,1034.25
307302,"2018-02-09 15:26:52",LT,1998881,1330.05
307300,"2018-02-09 15:26:51",HDFC,2622740,1773.1
307299,"2018-02-09 15:26:50",INFY,2138808,1109.3
307298,"2018-02-09 15:26:46",IDFCBANK,6930121,53.2
307296,"2018-02-09 15:26:45",HDFCBANK,1588340,1850
307297,"2018-02-09 15:26:45",HDIL,10942745,51.55
307295,"2018-02-09 15:26:44",MARUTI,358544,8922.75
307293,"2018-02-09 15:26:42",HDFC,2618785,1772.95
307294,"2018-02-09 15:26:42",AXISBANK,5821842,558.35
307288,"2018-02-09 15:26:40",RELIANCE,5201063,898.45
307289,"2018-02-09 15:26:40",MARUTI,358266,8921.95
307290,"2018-02-09 15:26:40",INFY,2136496,1109.05
307291,"2018-02-09 15:26:40",ITC,14037965,271.35
307292,"2018-02-09 15:26:40",SBIN,15483793,295.95
307285,"2018-02-09 15:26:39",KOTAKBANK,1883377,1034.85
307286,"2018-02-09 15:26:39",MARUTI,358544,8922.75
307287,"2018-02-09 15:26:39",KOTAKBANK,1884427,1034.65
307284,"2018-02-09 15:26:37",LT,1995943,1330.15
307281,"2018-02-09 15:26:35",INFY,2133536,1109
307282,"2018-02-09 15:26:35",HDFCBANK,1587826,1850
307283,"2018-02-09 15:26:35",SBIN,15475193,295.95
307280,"2018-02-09 15:26:34",HDFC,2614305,1772.95
307279,"2018-02-09 15:26:33",HDIL,10931843,51.55
307277,"2018-02-09 15:26:32",IDFCBANK,6921520,53.2
307278,"2018-02-09 15:26:32",JINDALSTEL,15330469,272.55
307275,"2018-02-09 15:26:31",AXISBANK,5820017,558.2
307276,"2018-02-09 15:26:31",RELIANCE,5194025,897.95
307273,"2018-02-09 15:26:30",ITC,14028430,271.35
307274,"2018-02-09 15:26:30",MARUTI,358266,8921.95
307272,"2018-02-09 15:26:29",RELIANCE,5189086,897.9
307271,"2018-02-09 15:26:28",HDIL,10920473,51.55
307269,"2018-02-09 15:26:27",HDFC,2612983,1773.05
307270,"2018-02-09 15:26:27",MARUTI,358094,8921.2
307265,"2018-02-09 15:26:26",ITC,14027646,271.35
307266,"2018-02-09 15:26:26",LT,1994926,1330.15
307267,"2018-02-09 15:26:26",IDFCBANK,6920498,53.15
307268,"2018-02-09 15:26:26",KOTAKBANK,1882902,1034.9
307264,"2018-02-09 15:26:25",INFY,2131420,1109
307261,"2018-02-09 15:26:24",AXISBANK,5818423,558
307262,"2018-02-09 15:26:24",ICICIBANK,9361490,327.65
307263,"2018-02-09 15:26:24",JINDALSTEL,15323546,272.3
307260,"2018-02-09 15:26:23",HDFCBANK,1587509,1850
307259,"2018-02-09 15:26:21",KOTAKBANK,1882299,1034.3
307258,"2018-02-09 15:26:19",ICICIBANK,9351280,327.7
307256,"2018-02-09 15:26:18",SBIN,15442337,296
307257,"2018-02-09 15:26:18",JINDALSTEL,15316418,272.5
307253,"2018-02-09 15:26:17",IDFCBANK,6908700,53.15
307254,"2018-02-09 15:26:17",AXISBANK,5814147,557.95
307255,"2018-02-09 15:26:17",INFY,2128612,1108.9
307249,"2018-02-09 15:26:16",MARUTI,357847,8921.2
307250,"2018-02-09 15:26:16",HDFCBANK,1585438,1850
307251,"2018-02-09 15:26:16",RELIANCE,5185450,897.75
307252,"2018-02-09 15:26:16",LT,1994294,1330.2
307247,"2018-02-09 15:26:14",RELIANCE,5182163,897.7
307248,"2018-02-09 15:26:14",ITC,14011483,271.4
307246,"2018-02-09 15:26:12",IDFCBANK,6889345,53.2
307244,"2018-02-09 15:26:10",HDFCBANK,1582930,1850.65
307245,"2018-02-09 15:26:10",ITC,14006595,271.35
307242,"2018-02-09 15:26:09",HDFC,2601980,1772.8
307243,"2018-02-09 15:26:09",ICICIBANK,9348095,327.65
307240,"2018-02-09 15:26:08",AXISBANK,5812855,557.9
307241,"2018-02-09 15:26:08",HDIL,10915842,51.5
307234,"2018-02-09 15:26:07",INFY,2126037,1108.55
307235,"2018-02-09 15:26:07",JINDALSTEL,15309387,272.7
307236,"2018-02-09 15:26:07",MARUTI,357729,8921.2
307237,"2018-02-09 15:26:07",SBIN,15433334,296
307238,"2018-02-09 15:26:07",LT,1989291,1329.5
307239,"2018-02-09 15:26:07",KOTAKBANK,1881259,1034.35
307232,"2018-02-09 15:26:05",IDFCBANK,6880818,53.2
307233,"2018-02-09 15:26:05",HDFCBANK,1582727,1850
307231,"2018-02-09 15:26:03",LT,1989265,1329.5
307227,"2018-02-09 15:26:01",ICICIBANK,9342563,327.65
307228,"2018-02-09 15:26:01",INFY,2125079,1108.55
307229,"2018-02-09 15:26:01",KOTAKBANK,1880887,1034.35
307230,"2018-02-09 15:26:01",RELIANCE,5179876,897.75
307222,"2018-02-09 15:26:00",AXISBANK,5811120,557.9
307223,"2018-02-09 15:26:00",HDIL,10913337,51.5
307224,"2018-02-09 15:26:00",SBIN,15428985,296
307225,"2018-02-09 15:26:00",JINDALSTEL,15307114,272.65
307226,"2018-02-09 15:26:00",HDFC,2600469,1773
307221,"2018-02-09 15:25:59",HDFC,2599475,1773.35
307219,"2018-02-09 15:25:58",ICICIBANK,9338879,327.7
307220,"2018-02-09 15:25:58",JINDALSTEL,15306791,272.6
307213,"2018-02-09 15:25:57",IDFCBANK,6873818,53.15
307214,"2018-02-09 15:25:57",ITC,14004999,271.3
307215,"2018-02-09 15:25:57",MARUTI,357521,8921.15
307216,"2018-02-09 15:25:57",KOTAKBANK,1880622,1034.4
307217,"2018-02-09 15:25:57",RELIANCE,5178819,897.95
307218,"2018-02-09 15:25:57",SBIN,15423968,296
307210,"2018-02-09 15:25:56",LT,1987251,1329.05
307211,"2018-02-09 15:25:56",AXISBANK,5810889,557.85
307212,"2018-02-09 15:25:56",HDFCBANK,1582348,1850
307209,"2018-02-09 15:25:54",HDIL,10909487,51.5
307208,"2018-02-09 15:25:52",MARUTI,357370,8920.2
307206,"2018-02-09 15:25:51",JINDALSTEL,15303721,272.9
307207,"2018-02-09 15:25:51",ITC,13995059,271.25
307203,"2018-02-09 15:25:50",LT,1986515,1329.35
307204,"2018-02-09 15:25:50",SBIN,15411539,296
307205,"2018-02-09 15:25:50",IDFCBANK,6864578,53.15
307197,"2018-02-09 15:25:48",HDFC,2591965,1773.55
307198,"2018-02-09 15:25:48",ICICIBANK,9335368,327.7
307199,"2018-02-09 15:25:48",INFY,2122024,1108.65
307200,"2018-02-09 15:25:48",HDFCBANK,1580318,1849.5
307201,"2018-02-09 15:25:48",AXISBANK,5807587,557.85
307202,"2018-02-09 15:25:48",KOTAKBANK,1879951,1034.35
307196,"2018-02-09 15:25:46",JINDALSTEL,15300555,273.05
307195,"2018-02-09 15:25:44",IDFCBANK,6858727,53.2
307194,"2018-02-09 15:25:43",HDFC,2587548,1773
307193,"2018-02-09 15:25:42",ICICIBANK,9332024,327.65
307190,"2018-02-09 15:25:41",HDIL,10908192,51.5
307191,"2018-02-09 15:25:41",KOTAKBANK,1879286,1033.95
307192,"2018-02-09 15:25:41",SBIN,15398537,296
307188,"2018-02-09 15:25:40",INFY,2117902,1108.7
307189,"2018-02-09 15:25:40",ITC,13986426,271.2
307184,"2018-02-09 15:25:39",MARUTI,356912,8920.2
307185,"2018-02-09 15:25:39",LT,1984980,1329
307186,"2018-02-09 15:25:39",RELIANCE,5172434,898
307187,"2018-02-09 15:25:39",HDFCBANK,1579555,1850.7
307183,"2018-02-09 15:25:38",AXISBANK,5807004,557.95
307182,"2018-02-09 15:25:36",INFY,2112216,1108.7
307181,"2018-02-09 15:25:34",IDFCBANK,6856670,53.2
307179,"2018-02-09 15:25:33",KOTAKBANK,1878925,1034.3
307180,"2018-02-09 15:25:33",LT,1978696,1328.8
307174,"2018-02-09 15:25:32",ITC,13981512,271.3
307175,"2018-02-09 15:25:32",ICICIBANK,9331430,327.6
307176,"2018-02-09 15:25:32",SBIN,15378684,296.1
307177,"2018-02-09 15:25:32",RELIANCE,5165949,898
307178,"2018-02-09 15:25:32",JINDALSTEL,15292082,273.15
307173,"2018-02-09 15:25:31",HDFC,2582615,1772.85
307169,"2018-02-09 15:25:30",HDFCBANK,1578907,1850
307170,"2018-02-09 15:25:30",AXISBANK,5804250,558
307171,"2018-02-09 15:25:30",HDIL,10902702,51.55
307172,"2018-02-09 15:25:30",MARUTI,355517,8924
307168,"2018-02-09 15:25:27",KOTAKBANK,1878510,1034.45
307167,"2018-02-09 15:25:25",HDFCBANK,1578540,1850.4
307165,"2018-02-09 15:25:24",HDIL,10859620,51.55
307166,"2018-02-09 15:25:24",IDFCBANK,6854829,53.15
307161,"2018-02-09 15:25:23",ITC,13979298,271.25
307162,"2018-02-09 15:25:23",JINDALSTEL,15286253,273.3
307163,"2018-02-09 15:25:23",HDFC,2580925,1773.8
307164,"2018-02-09 15:25:23",MARUTI,354853,8924.25
307157,"2018-02-09 15:25:22",RELIANCE,5158757,898.05
307158,"2018-02-09 15:25:22",SBIN,15374582,296.15
307159,"2018-02-09 15:25:22",LT,1975183,1328.9
307160,"2018-02-09 15:25:22",INFY,2111262,1109.35
307155,"2018-02-09 15:25:21",ICICIBANK,9325012,327.55
307156,"2018-02-09 15:25:21",AXISBANK,5803612,558
307154,"2018-02-09 15:25:18",ICICIBANK,9323620,327.55
307153,"2018-02-09 15:25:17",RELIANCE,5149326,897.95
307151,"2018-02-09 15:25:16",LT,1973402,1328.95
307152,"2018-02-09 15:25:16",INFY,2108330,1109.3
307148,"2018-02-09 15:25:15",JINDALSTEL,15283555,273.2
307149,"2018-02-09 15:25:15",AXISBANK,5802083,557.9
307150,"2018-02-09 15:25:15",MARUTI,354466,8924.7
307144,"2018-02-09 15:25:14",RELIANCE,5144752,897.8
307145,"2018-02-09 15:25:14",HDFC,2575350,1773.45
307146,"2018-02-09 15:25:14",HDFCBANK,1578275,1850.05
307147,"2018-02-09 15:25:14",ITC,13975183,271.2
307141,"2018-02-09 15:25:13",HDIL,10853915,51.55
307142,"2018-02-09 15:25:13",KOTAKBANK,1877934,1034.5
307143,"2018-02-09 15:25:13",SBIN,15372585,296.2
307140,"2018-02-09 15:25:12",RELIANCE,5149326,897.95
307138,"2018-02-09 15:25:11",RELIANCE,5144752,897.8
307139,"2018-02-09 15:25:11",HDFCBANK,1578110,1850.15
307137,"2018-02-09 15:25:08",KOTAKBANK,1877159,1033.65
307135,"2018-02-09 15:25:07",HDIL,10848205,51.55
307136,"2018-02-09 15:25:07",MARUTI,354159,8925
307133,"2018-02-09 15:25:06",IDFCBANK,6849041,53.15
307134,"2018-02-09 15:25:06",JINDALSTEL,15282379,273.2
307128,"2018-02-09 15:25:05",LT,1972584,1329
307129,"2018-02-09 15:25:05",HDFC,2568811,1773.5
307130,"2018-02-09 15:25:05",ICICIBANK,9322471,327.6
307131,"2018-02-09 15:25:05",SBIN,15368088,296.05
307132,"2018-02-09 15:25:05",AXISBANK,5801432,557.9
307127,"2018-02-09 15:25:02",LT,1971785,1328.9
307126,"2018-02-09 15:25:01",HDFC,2566438,1773.4
307124,"2018-02-09 15:25:00",IDFCBANK,6847166,53.2
307125,"2018-02-09 15:25:00",INFY,2103903,1109.1
307122,"2018-02-09 15:24:59",HDFCBANK,1577835,1849.75
307123,"2018-02-09 15:24:59",SBIN,15363967,296.15
307120,"2018-02-09 15:24:58",RELIANCE,5143386,897.75
307121,"2018-02-09 15:24:58",JINDALSTEL,15275300,273.3
307117,"2018-02-09 15:24:57",KOTAKBANK,1876680,1033.85
307118,"2018-02-09 15:24:57",AXISBANK,5800195,557.75
307119,"2018-02-09 15:24:57",ICICIBANK,9313787,327.7
307113,"2018-02-09 15:24:56",ICICIBANK,9311058,327.65
307114,"2018-02-09 15:24:56",MARUTI,353859,8925.25
307115,"2018-02-09 15:24:56",HDIL,10845805,51.5
307116,"2018-02-09 15:24:56",ITC,13950231,271.3
307110,"2018-02-09 15:24:55",HDFCBANK,1576623,1849.7
307111,"2018-02-09 15:24:55",HDFC,2566255,1774
307112,"2018-02-09 15:24:55",RELIANCE,5140767,897.7
307109,"2018-02-09 15:24:52",HDIL,10839825,51.55
307107,"2018-02-09 15:24:51",SBIN,15359518,296.2
307108,"2018-02-09 15:24:51",ITC,13946839,271.35
307106,"2018-02-09 15:24:49",AXISBANK,5798018,557.7
307105,"2018-02-09 15:24:46",IDFCBANK,6842223,53.2
307103,"2018-02-09 15:24:45",ICICIBANK,9307245,327.65
307104,"2018-02-09 15:24:45",RELIANCE,5139326,897.7
307102,"2018-02-09 15:24:44",HDIL,10838625,51.5
307101,"2018-02-09 15:24:43",SBIN,15354945,296.25
307099,"2018-02-09 15:24:42",ITC,13944401,271.35
307100,"2018-02-09 15:24:42",MARUTI,352899,8924
307098,"2018-02-09 15:24:41",LT,1969016,1328.75
307096,"2018-02-09 15:24:39",AXISBANK,5796165,558
307097,"2018-02-09 15:24:39",HDFC,2562916,1773.1
307095,"2018-02-09 15:24:38",RELIANCE,5132245,897.55
307094,"2018-02-09 15:24:37",IDFCBANK,6841773,53.15
307093,"2018-02-09 15:24:36",HDFC,2558889,1773.05
307092,"2018-02-09 15:24:35",JINDALSTEL,15268441,273.65
307091,"2018-02-09 15:24:34",ICICIBANK,9300755,327.75
307088,"2018-02-09 15:24:33",HDIL,10836790,51.5
307089,"2018-02-09 15:24:33",SBIN,15349633,296.2
307090,"2018-02-09 15:24:33",LT,1967635,1328.4
307086,"2018-02-09 15:24:32",MARUTI,352572,8924
307087,"2018-02-09 15:24:32",AXISBANK,5791524,558.15
307084,"2018-02-09 15:24:29",JINDALSTEL,15264249,273.55
307085,"2018-02-09 15:24:29",KOTAKBANK,1873292,1033.1
307083,"2018-02-09 15:24:28",IDFCBANK,6841031,53.15
307080,"2018-02-09 15:24:27",RELIANCE,5130734,897.55
307081,"2018-02-09 15:24:27",ICICIBANK,9292689,327.8
307082,"2018-02-09 15:24:27",ITC,13930992,271.35
307079,"2018-02-09 15:24:26",SBIN,15347318,296.1
307078,"2018-02-09 15:24:25",AXISBANK,5790830,558.25
307077,"2018-02-09 15:24:24",HDIL,10832890,51.55
307075,"2018-02-09 15:24:23",INFY,2096374,1109
307076,"2018-02-09 15:24:23",HDFCBANK,1574787,1849.65
307074,"2018-02-09 15:24:22",HDFC,2550918,1774
307073,"2018-02-09 15:24:21",ITC,13927734,271.35
307072,"2018-02-09 15:24:17",RELIANCE,5125767,897.5
307071,"2018-02-09 15:24:15",AXISBANK,5788047,558.25
307070,"2018-02-09 15:24:11",AXISBANK,5786076,558.1
307067,"2018-02-09 15:24:09",ICICIBANK,9284444,327.6
307068,"2018-02-09 15:24:09",IDFCBANK,6838428,53.2
307069,"2018-02-09 15:24:09",JINDALSTEL,15257639,273.7
307066,"2018-02-09 15:24:08",SBIN,15333328,296.3
307065,"2018-02-09 15:24:07",KOTAKBANK,1871476,1033.2
307062,"2018-02-09 15:24:06",HDFCBANK,1573356,1850
307063,"2018-02-09 15:24:06",LT,1965180,1328.2
307064,"2018-02-09 15:24:06",INFY,2091915,1108.6
307061,"2018-02-09 15:24:05",INFY,2090073,1108.55
307059,"2018-02-09 15:24:04",LT,1964991,1328.5
307060,"2018-02-09 15:24:04",ICICIBANK,9278609,327.55
307057,"2018-02-09 15:24:03",RELIANCE,5121013,897.5
307058,"2018-02-09 15:24:03",HDFC,2548142,1774
307056,"2018-02-09 15:24:02",AXISBANK,5785228,558.1
307055,"2018-02-09 15:24:01",INFY,2088498,1108.5
307053,"2018-02-09 15:24:00",SBIN,15329510,296.45
307054,"2018-02-09 15:24:00",RELIANCE,5119288,897.55
307052,"2018-02-09 15:23:59",MARUTI,349852,8931.2
307051,"2018-02-09 15:23:58",HDIL,10823198,51.5
307046,"2018-02-09 15:23:57",ICICIBANK,9277857,327.5
307047,"2018-02-09 15:23:57",ITC,13906571,271.4
307048,"2018-02-09 15:23:57",KOTAKBANK,1871322,1033.05
307049,"2018-02-09 15:23:57",JINDALSTEL,15251998,273.75
307050,"2018-02-09 15:23:57",IDFCBANK,6833797,53.1
307043,"2018-02-09 15:23:56",HDFCBANK,1559758,1850
307044,"2018-02-09 15:23:56",AXISBANK,5784176,558.15
307045,"2018-02-09 15:23:56",LT,1964688,1328.75
307042,"2018-02-09 15:23:54",ITC,13905510,271.35
307040,"2018-02-09 15:23:51",LT,1963024,1328.6
307041,"2018-02-09 15:23:51",INFY,2086340,1108.5
307039,"2018-02-09 15:23:50",SBIN,15313918,296.35
307038,"2018-02-09 15:23:48",RELIANCE,5115107,897.5
307035,"2018-02-09 15:23:47",HDFC,2545864,1774
307036,"2018-02-09 15:23:47",HDIL,10810974,51.45
307037,"2018-02-09 15:23:47",MARUTI,349673,8931.5
307032,"2018-02-09 15:23:46",HDFCBANK,1558373,1850
307033,"2018-02-09 15:23:46",JINDALSTEL,15249736,273.9
307034,"2018-02-09 15:23:46",KOTAKBANK,1870481,1033
307029,"2018-02-09 15:23:45",ICICIBANK,9274510,327.5
307030,"2018-02-09 15:23:45",IDFCBANK,6833389,53.1
307031,"2018-02-09 15:23:45",AXISBANK,5782247,558.45
307027,"2018-02-09 15:23:43",MARUTI,349577,8931.9
307028,"2018-02-09 15:23:43",ICICIBANK,9268083,327.55
307026,"2018-02-09 15:23:42",HDFCBANK,1557245,1850
307023,"2018-02-09 15:23:40",ITC,13903184,271.4
307024,"2018-02-09 15:23:40",INFY,2084758,1108.35
307025,"2018-02-09 15:23:40",HDIL,10806611,51.5
307022,"2018-02-09 15:23:39",KOTAKBANK,1869875,1033.05
307019,"2018-02-09 15:23:38",IDFCBANK,6832831,53.15
307020,"2018-02-09 15:23:38",RELIANCE,5111620,897.65
307021,"2018-02-09 15:23:38",AXISBANK,5779935,558.65
307016,"2018-02-09 15:23:37",SBIN,15310555,296.1
307017,"2018-02-09 15:23:37",LT,1962736,1328.5
307018,"2018-02-09 15:23:37",HDFC,2545078,1774
307015,"2018-02-09 15:23:35",MARUTI,349473,8931.9
307013,"2018-02-09 15:23:34",KOTAKBANK,1869720,1033.05
307014,"2018-02-09 15:23:34",ITC,13894605,271.4
307012,"2018-02-09 15:23:33",IDFCBANK,6822944,53.15
307011,"2018-02-09 15:23:32",HDIL,10800405,51.45
307006,"2018-02-09 15:23:30",HDFC,2544349,1773.95
307007,"2018-02-09 15:23:30",HDFCBANK,1556895,1849.3
307008,"2018-02-09 15:23:30",SBIN,15307832,296.1
307009,"2018-02-09 15:23:30",AXISBANK,5778858,558.85
307010,"2018-02-09 15:23:30",INFY,2081992,1108.5
307004,"2018-02-09 15:23:29",RELIANCE,5109570,897.6
307005,"2018-02-09 15:23:29",ICICIBANK,9267356,327.5
307002,"2018-02-09 15:23:27",ICICIBANK,9265030,327.6
307003,"2018-02-09 15:23:27",IDFCBANK,6822502,53.15
307001,"2018-02-09 15:23:26",MARUTI,349313,8930
307000,"2018-02-09 15:23:25",RELIANCE,5105008,897.9
306998,"2018-02-09 15:23:24",ITC,13891914,271.35
306999,"2018-02-09 15:23:24",AXISBANK,5776374,558.6
306994,"2018-02-09 15:23:23",SBIN,15300544,296
306995,"2018-02-09 15:23:23",LT,1953717,1328.05
306996,"2018-02-09 15:23:23",HDFC,2542791,1774
306997,"2018-02-09 15:23:23",HDFCBANK,1555048,1849.9
306993,"2018-02-09 15:23:22",HDIL,10793274,51.5
306990,"2018-02-09 15:23:21",AXISBANK,5776374,558.6
306991,"2018-02-09 15:23:21",AXISBANK,5774531,558.7
306992,"2018-02-09 15:23:21",KOTAKBANK,1869559,1033.05
306986,"2018-02-09 15:23:18",ICICIBANK,9264079,327.55
306987,"2018-02-09 15:23:18",KOTAKBANK,1869042,1033
306988,"2018-02-09 15:23:18",HDFCBANK,1554749,1850.45
306989,"2018-02-09 15:23:18",LT,1952973,1328.05
306985,"2018-02-09 15:23:14",IDFCBANK,6821815,53.15
306983,"2018-02-09 15:23:13",ITC,13889014,271.4
306984,"2018-02-09 15:23:13",JINDALSTEL,15232999,274
306981,"2018-02-09 15:23:12",AXISBANK,5774531,558.7
306982,"2018-02-09 15:23:12",MARUTI,348707,8930.65
306980,"2018-02-09 15:23:11",KOTAKBANK,1868725,1033
306978,"2018-02-09 15:23:10",LT,1952308,1328.1
306979,"2018-02-09 15:23:10",RELIANCE,5098974,897.8
306977,"2018-02-09 15:23:09",HDIL,10778456,51.55
306976,"2018-02-09 15:23:08",SBIN,15278257,296
306975,"2018-02-09 15:23:06",ITC,13887532,271.4
306971,"2018-02-09 15:23:05",JINDALSTEL,15228580,273.95
306972,"2018-02-09 15:23:05",MARUTI,348471,8934.9
306973,"2018-02-09 15:23:05",INFY,2069844,1108.05
306974,"2018-02-09 15:23:05",AXISBANK,5771042,558.8
306970,"2018-02-09 15:23:03",ICICIBANK,9262083,327.55
306969,"2018-02-09 15:23:01",HDFC,2531505,1774.05
306967,"2018-02-09 15:23:00",INFY,2063927,1108.1
306968,"2018-02-09 15:23:00",LT,1950373,1328
306962,"2018-02-09 15:22:58",ICICIBANK,9259256,327.6
306963,"2018-02-09 15:22:58",MARUTI,347991,8934.95
306964,"2018-02-09 15:22:58",AXISBANK,5760922,558.35
306965,"2018-02-09 15:22:58",IDFCBANK,6808264,53.15
306966,"2018-02-09 15:22:58",SBIN,15260482,296
306959,"2018-02-09 15:22:56",IDFCBANK,6806004,53.15
306960,"2018-02-09 15:22:56",HDFCBANK,1551160,1849.75
306961,"2018-02-09 15:22:56",HDIL,10763806,51.5
306957,"2018-02-09 15:22:53",HDFC,2531044,1773.95
306958,"2018-02-09 15:22:53",ICICIBANK,9255466,327.6
306956,"2018-02-09 15:22:52",SBIN,15238349,296.2
306954,"2018-02-09 15:22:51",MARUTI,347687,8932.65
306955,"2018-02-09 15:22:51",HDIL,10757310,51.55
306952,"2018-02-09 15:22:49",AXISBANK,5758824,558.8
306953,"2018-02-09 15:22:49",KOTAKBANK,1867150,1033
306950,"2018-02-09 15:22:48",HDFCBANK,1549205,1850.25
306951,"2018-02-09 15:22:48",HDFCBANK,1549386,1850
306948,"2018-02-09 15:22:47",INFY,2057997,1108
306949,"2018-02-09 15:22:47",RELIANCE,5088998,897.95
306946,"2018-02-09 15:22:44",JINDALSTEL,15185871,274.3
306947,"2018-02-09 15:22:44",ICICIBANK,9245528,327.35
306945,"2018-02-09 15:22:43",IDFCBANK,6787154,53.2
306943,"2018-02-09 15:22:41",MARUTI,347572,8931.1
306944,"2018-02-09 15:22:41",ITC,13846702,271.25
306942,"2018-02-09 15:22:40",LT,1946749,1328.1
306941,"2018-02-09 15:22:39",SBIN,15215737,296.3
306940,"2018-02-09 15:22:38",AXISBANK,5753903,558.3
306939,"2018-02-09 15:22:36",HDFCBANK,1548340,1851
306938,"2018-02-09 15:22:35",JINDALSTEL,15174341,274.4
306935,"2018-02-09 15:22:34",SBIN,15193630,296.45
306936,"2018-02-09 15:22:34",IDFCBANK,6782983,53.2
306937,"2018-02-09 15:22:34",MARUTI,347314,8930.55
306934,"2018-02-09 15:22:33",ICICIBANK,9238628,327.5
306932,"2018-02-09 15:22:32",AXISBANK,5744190,558.45
306933,"2018-02-09 15:22:32",ITC,13839104,271.25
306930,"2018-02-09 15:22:31",HDIL,10752821,51.55
306931,"2018-02-09 15:22:31",INFY,2055767,1107.75
306928,"2018-02-09 15:22:30",LT,1945186,1328.05
306929,"2018-02-09 15:22:30",HDFC,2526248,1773.8
306926,"2018-02-09 15:22:29",KOTAKBANK,1862160,1031.95
306927,"2018-02-09 15:22:29",HDFC,2524159,1773.65
306925,"2018-02-09 15:22:28",IDFCBANK,6774570,53.15
306924,"2018-02-09 15:22:27",MARUTI,346924,8935.45
306923,"2018-02-09 15:22:24",SBIN,15177454,296.4
306922,"2018-02-09 15:22:23",HDFCBANK,1547182,1851
306920,"2018-02-09 15:22:22",INFY,2053315,1108
306921,"2018-02-09 15:22:22",RELIANCE,5078134,897.6
306916,"2018-02-09 15:22:21",ITC,13831407,271.25
306917,"2018-02-09 15:22:21",HDIL,10747094,51.5
306918,"2018-02-09 15:22:21",LT,1944579,1328.1
306919,"2018-02-09 15:22:21",AXISBANK,5737948,558.25
306915,"2018-02-09 15:22:20",INFY,2050648,1108.65
306914,"2018-02-09 15:22:19",ITC,13826168,271.35
306911,"2018-02-09 15:22:18",ICICIBANK,9213539,327.25
306912,"2018-02-09 15:22:18",LT,1942634,1328.05
306913,"2018-02-09 15:22:18",SBIN,15161244,296.5
306909,"2018-02-09 15:22:17",HDFCBANK,1546777,1851.25
306910,"2018-02-09 15:22:17",KOTAKBANK,1858913,1031.7
306905,"2018-02-09 15:22:16",HDFC,2522799,1773.7
306906,"2018-02-09 15:22:16",AXISBANK,5735855,557.95
306907,"2018-02-09 15:22:16",HDIL,10738075,51.5
306908,"2018-02-09 15:22:16",RELIANCE,5076182,897.95
306904,"2018-02-09 15:22:13",JINDALSTEL,15140767,273.8
306903,"2018-02-09 15:22:09",MARUTI,346171,8930.65
306901,"2018-02-09 15:22:08",JINDALSTEL,15129127,273.7
306902,"2018-02-09 15:22:08",INFY,2047460,1108.9
306899,"2018-02-09 15:22:07",LT,1942121,1328.2
306900,"2018-02-09 15:22:07",RELIANCE,5072569,897.95
306896,"2018-02-09 15:22:06",SBIN,15147574,296.55
306897,"2018-02-09 15:22:06",KOTAKBANK,1858685,1031.05
306898,"2018-02-09 15:22:06",ICICIBANK,9201485,327.1
306894,"2018-02-09 15:22:05",AXISBANK,5733348,558.15
306895,"2018-02-09 15:22:05",ITC,13806239,271.35
306893,"2018-02-09 15:22:04",IDFCBANK,6740111,53.2
306891,"2018-02-09 15:22:01",MARUTI,345986,8931.9
306892,"2018-02-09 15:22:01",HDFCBANK,1546128,1851.3
306890,"2018-02-09 15:22:00",INFY,2040698,1108.3
306889,"2018-02-09 15:21:59",AXISBANK,5728140,557.7
306885,"2018-02-09 15:21:58",HDFC,2521345,1773.6
306886,"2018-02-09 15:21:58",SBIN,15117929,296.65
306887,"2018-02-09 15:21:58",LT,1941341,1328.05
306888,"2018-02-09 15:21:58",KOTAKBANK,1857839,1031
306882,"2018-02-09 15:21:57",JINDALSTEL,15115110,273.7
306883,"2018-02-09 15:21:57",HDIL,10724144,51.45
306884,"2018-02-09 15:21:57",RELIANCE,5069845,897.95
306878,"2018-02-09 15:21:56",AXISBANK,5728067,557.7
306879,"2018-02-09 15:21:56",AXISBANK,5726839,558
306880,"2018-02-09 15:21:56",INFY,2040125,1108.05
306881,"2018-02-09 15:21:56",SBIN,15116344,296.6
306877,"2018-02-09 15:21:53",MARUTI,345787,8931.95
306876,"2018-02-09 15:21:52",LT,1939812,1328.1
306874,"2018-02-09 15:21:51",HDFCBANK,1545730,1851.3
306875,"2018-02-09 15:21:51",JINDALSTEL,15112789,273.55
306871,"2018-02-09 15:21:48",SBIN,15111985,296.6
306872,"2018-02-09 15:21:48",ICICIBANK,9192314,327.15
306873,"2018-02-09 15:21:48",RELIANCE,5066737,897.45
306869,"2018-02-09 15:21:47",AXISBANK,5726839,558
306870,"2018-02-09 15:21:47",HDFC,2520436,1773.3
306867,"2018-02-09 15:21:46",ITC,13798349,271.25
306868,"2018-02-09 15:21:46",HDIL,10722393,51.5
306864,"2018-02-09 15:21:45",IDFCBANK,6738472,53.15
306865,"2018-02-09 15:21:45",INFY,2037759,1108.4
306866,"2018-02-09 15:21:45",KOTAKBANK,1542059,1031.05
306862,"2018-02-09 15:21:42",HDIL,10721731,51.5
306863,"2018-02-09 15:21:42",RELIANCE,5060367,897.35
306861,"2018-02-09 15:21:41",SBIN,15108926,296.5
306859,"2018-02-09 15:21:38",LT,1938774,1328.05
306860,"2018-02-09 15:21:38",HDFC,2517895,1773
306855,"2018-02-09 15:21:37",KOTAKBANK,1541793,1031.05
306856,"2018-02-09 15:21:37",INFY,2033976,1108.4
306857,"2018-02-09 15:21:37",HDFCBANK,1545660,1851
306858,"2018-02-09 15:21:37",MARUTI,345569,8932
306851,"2018-02-09 15:21:36",ITC,13787478,271.2
306852,"2018-02-09 15:21:36",ICICIBANK,9190676,327.3
306853,"2018-02-09 15:21:36",JINDALSTEL,15109463,273.8
306854,"2018-02-09 15:21:36",AXISBANK,5723157,558.75
306850,"2018-02-09 15:21:34",HDFC,2516797,1773.2
306846,"2018-02-09 15:21:33",KOTAKBANK,1541397,1031.05
306847,"2018-02-09 15:21:33",HDFCBANK,1543979,1851
306848,"2018-02-09 15:21:33",SBIN,15105805,296.6
306849,"2018-02-09 15:21:33",IDFCBANK,6733758,53.15
306844,"2018-02-09 15:21:31",LT,1937770,1328.25
306845,"2018-02-09 15:21:31",ICICIBANK,9186902,327.15
306843,"2018-02-09 15:21:30",HDIL,10720831,51.5
306839,"2018-02-09 15:21:29",MARUTI,345402,8931.15
306840,"2018-02-09 15:21:29",RELIANCE,5057103,897.5
306841,"2018-02-09 15:21:29",AXISBANK,5720533,558.65
306842,"2018-02-09 15:21:29",INFY,2032045,1108.45
306837,"2018-02-09 15:21:28",ITC,13784067,271.3
306838,"2018-02-09 15:21:28",KOTAKBANK,1541034,1031.05
306836,"2018-02-09 15:21:27",JINDALSTEL,15102175,273.85
306835,"2018-02-09 15:21:25",LT,1936516,1328.1
306834,"2018-02-09 15:21:23",INFY,2031410,1108.75
306833,"2018-02-09 15:21:21",SBIN,15103257,296.6
306829,"2018-02-09 15:21:20",ICICIBANK,9183059,327.2
306830,"2018-02-09 15:21:20",AXISBANK,5710847,558.2
306831,"2018-02-09 15:21:20",IDFCBANK,6725078,53.2
306832,"2018-02-09 15:21:20",MARUTI,344769,8935.1
306828,"2018-02-09 15:21:16",HDFC,2511291,1773.7
306826,"2018-02-09 15:21:15",RELIANCE,5047026,898.1
306827,"2018-02-09 15:21:15",ICICIBANK,9168704,327.25
306824,"2018-02-09 15:21:14",MARUTI,344500,8935.05
306825,"2018-02-09 15:21:14",AXISBANK,5704697,558.15
306820,"2018-02-09 15:21:13",HDIL,10713819,51.45
306821,"2018-02-09 15:21:13",ITC,13778276,271.25
306822,"2018-02-09 15:21:13",INFY,2030357,1108.8
306823,"2018-02-09 15:21:13",JINDALSTEL,15094588,273.75
306818,"2018-02-09 15:21:11",IDFCBANK,6722449,53.2
306819,"2018-02-09 15:21:11",KOTAKBANK,1540459,1031.15
306815,"2018-02-09 15:21:08",ITC,13775017,271.25
306816,"2018-02-09 15:21:08",KOTAKBANK,1539423,1031.05
306817,"2018-02-09 15:21:08",MARUTI,344076,8935.05
306814,"2018-02-09 15:21:07",SBIN,15085856,296.55
306812,"2018-02-09 15:21:06",JINDALSTEL,15092228,273.9
306813,"2018-02-09 15:21:06",HDIL,10707959,51.5
306808,"2018-02-09 15:21:05",INFY,2029441,1109.15
306809,"2018-02-09 15:21:05",HDFC,2506360,1774
306810,"2018-02-09 15:21:05",RELIANCE,5043288,898.35
306811,"2018-02-09 15:21:05",LT,1935222,1327.95
306805,"2018-02-09 15:21:04",ITC,13775017,271.25
306806,"2018-02-09 15:21:04",HDFCBANK,1541377,1849.85
306807,"2018-02-09 15:21:04",ITC,13767181,271.3
306802,"2018-02-09 15:21:03",IDFCBANK,6700822,53.2
306803,"2018-02-09 15:21:03",AXISBANK,5703162,558.1
306804,"2018-02-09 15:21:03",ICICIBANK,9164807,327.3
306801,"2018-02-09 15:21:02",ICICIBANK,9162676,327.25
306800,"2018-02-09 15:21:00",KOTAKBANK,1539295,1031.05
306799,"2018-02-09 15:20:59",AXISBANK,5702719,558.35
306797,"2018-02-09 15:20:58",HDFCBANK,1539546,1849.8
306798,"2018-02-09 15:20:58",MARUTI,343782,8935
306796,"2018-02-09 15:20:57",INFY,2028559,1109.3
306794,"2018-02-09 15:20:56",ITC,13767181,271.3
306795,"2018-02-09 15:20:56",LT,1932032,1329.3
306790,"2018-02-09 15:20:55",RELIANCE,5039809,898.25
306791,"2018-02-09 15:20:55",JINDALSTEL,15083435,274
306792,"2018-02-09 15:20:55",HDFC,2502970,1774.05
306793,"2018-02-09 15:20:55",HDIL,10701279,51.45
306789,"2018-02-09 15:20:53",HDFC,2501268,1774
306788,"2018-02-09 15:20:52",RELIANCE,5033938,898.3
306785,"2018-02-09 15:20:50",KOTAKBANK,1537649,1031
306786,"2018-02-09 15:20:50",ICICIBANK,9153682,327.3
306787,"2018-02-09 15:20:50",IDFCBANK,6699236,53.2
306782,"2018-02-09 15:20:48",ITC,13765792,271.3
306783,"2018-02-09 15:20:48",SBIN,15063476,296.8
306784,"2018-02-09 15:20:48",JINDALSTEL,15076781,274
306780,"2018-02-09 15:20:47",AXISBANK,5698802,558.5
306781,"2018-02-09 15:20:47",HDIL,10685507,51.5
306778,"2018-02-09 15:20:46",MARUTI,343280,8935
306779,"2018-02-09 15:20:46",HDFCBANK,1539046,1849.8
306777,"2018-02-09 15:20:44",KOTAKBANK,1537296,1031.25
306776,"2018-02-09 15:20:43",HDIL,10669735,51.5
306775,"2018-02-09 15:20:41",ITC,13763778,271.25
306774,"2018-02-09 15:20:40",IDFCBANK,6691835,53.2
306772,"2018-02-09 15:20:39",AXISBANK,5696412,558.65
306773,"2018-02-09 15:20:39",JINDALSTEL,15060738,274
306765,"2018-02-09 15:20:38",ICICIBANK,9148323,327.3
306766,"2018-02-09 15:20:38",INFY,2025928,1109.25
306767,"2018-02-09 15:20:38",HDFCBANK,1538659,1849.85
306768,"2018-02-09 15:20:38",HDFC,2499676,1774
306769,"2018-02-09 15:20:38",RELIANCE,5033181,898.35
306770,"2018-02-09 15:20:38",LT,1930773,1329.2
306771,"2018-02-09 15:20:38",SBIN,15053782,296.75
306764,"2018-02-09 15:20:37",MARUTI,343000,8935
306763,"2018-02-09 15:20:36",HDFC,2496421,1774.15
306761,"2018-02-09 15:20:34",LT,1928359,1329.05
306762,"2018-02-09 15:20:34",IDFCBANK,6685931,53.2
306760,"2018-02-09 15:20:33",INFY,2024703,1109.25
306759,"2018-02-09 15:20:32",JINDALSTEL,15054422,273.85
306756,"2018-02-09 15:20:31",HDIL,10659635,51.5
306757,"2018-02-09 15:20:31",SBIN,15045062,296.8
306758,"2018-02-09 15:20:31",ITC,13758912,271.3
306751,"2018-02-09 15:20:30",HDFCBANK,1537809,1849.85
306752,"2018-02-09 15:20:30",RELIANCE,5032178,898.2
306753,"2018-02-09 15:20:30",ICICIBANK,9146848,327.3
306754,"2018-02-09 15:20:30",KOTAKBANK,1537074,1031
306755,"2018-02-09 15:20:30",AXISBANK,5690899,558.75
306749,"2018-02-09 15:20:29",SBIN,15038230,296.6
306750,"2018-02-09 15:20:29",ITC,13757888,271.25
306748,"2018-02-09 15:20:25",JINDALSTEL,15051197,273.45
306747,"2018-02-09 15:20:24",RELIANCE,5029968,898.15
306746,"2018-02-09 15:20:23",IDFCBANK,6685806,53.2
306741,"2018-02-09 15:20:22",MARUTI,342393,8937.05
306742,"2018-02-09 15:20:22",HDIL,10640685,51.5
306743,"2018-02-09 15:20:22",ICICIBANK,9145376,327.3
306744,"2018-02-09 15:20:22",KOTAKBANK,1536064,1031
306745,"2018-02-09 15:20:22",INFY,2022749,1108.7
306739,"2018-02-09 15:20:21",HDFCBANK,1537298,1849.95
306740,"2018-02-09 15:20:21",AXISBANK,5688487,558.5
306737,"2018-02-09 15:20:20",ITC,13749381,271.35
306738,"2018-02-09 15:20:20",HDFCBANK,1536463,1850.1
306736,"2018-02-09 15:20:18",SBIN,15031808,296.65
306735,"2018-02-09 15:20:17",JINDALSTEL,15046864,273.3
306734,"2018-02-09 15:20:16",ICICIBANK,9140459,327.4
306733,"2018-02-09 15:20:15",INFY,2021704,1109.05
306731,"2018-02-09 15:20:14",AXISBANK,5686606,558.5
306732,"2018-02-09 15:20:14",IDFCBANK,6683004,53.25
306727,"2018-02-09 15:20:13",LT,1926636,1329
306728,"2018-02-09 15:20:13",HDIL,10633979,51.5
306729,"2018-02-09 15:20:13",KOTAKBANK,1534988,1031.05
306730,"2018-02-09 15:20:13",MARUTI,341942,8937.15
306725,"2018-02-09 15:20:10",INFY,2019937,1109.6
306726,"2018-02-09 15:20:10",MARUTI,341575,8937.2
306723,"2018-02-09 15:20:08",IDFCBANK,6680213,53.2
306724,"2018-02-09 15:20:08",HDFCBANK,1535983,1849.9
306722,"2018-02-09 15:20:07",KOTAKBANK,1533783,1031
306720,"2018-02-09 15:20:06",ICICIBANK,9134953,327.35
306721,"2018-02-09 15:20:06",JINDALSTEL,15038979,273.65
306718,"2018-02-09 15:20:05",HDIL,10628087,51.5
306719,"2018-02-09 15:20:05",AXISBANK,5681192,558.45
306716,"2018-02-09 15:20:04",ITC,13744285,271.35
306717,"2018-02-09 15:20:04",RELIANCE,5020960,898.35
306715,"2018-02-09 15:20:02",RELIANCE,5016941,898.45
306714,"2018-02-09 15:19:59",IDFCBANK,6678975,53.2
306713,"2018-02-09 15:19:58",HDFC,2489323,1774.45
306707,"2018-02-09 15:19:57",HDIL,10625844,51.55
306708,"2018-02-09 15:19:57",JINDALSTEL,15034199,273.7
306709,"2018-02-09 15:19:57",KOTAKBANK,1532995,1031.1
306710,"2018-02-09 15:19:57",MARUTI,341556,8937.25
306711,"2018-02-09 15:19:57",ITC,13741193,271.3
306712,"2018-02-09 15:19:57",HDFCBANK,1535928,1849.65
306704,"2018-02-09 15:19:56",AXISBANK,5680357,558.35
306705,"2018-02-09 15:19:56",SBIN,15022771,296.65
306706,"2018-02-09 15:19:56",ICICIBANK,9133254,327.4
306703,"2018-02-09 15:19:51",INFY,2017632,1109.3
306702,"2018-02-09 15:19:50",KOTAKBANK,1532112,1031.35
306700,"2018-02-09 15:19:49",SBIN,15015660,296.7
306701,"2018-02-09 15:19:49",LT,1924112,1330.65
306698,"2018-02-09 15:19:48",HDIL,10622299,51.55
306699,"2018-02-09 15:19:48",ICICIBANK,9129613,327.45
306695,"2018-02-09 15:19:47",AXISBANK,5679793,558.55
306696,"2018-02-09 15:19:47",HDFC,2488601,1774.4
306697,"2018-02-09 15:19:47",RELIANCE,5015947,898.3
306691,"2018-02-09 15:19:46",JINDALSTEL,15029405,273.7
306692,"2018-02-09 15:19:46",MARUTI,341403,8937.05
306693,"2018-02-09 15:19:46",HDFCBANK,1535496,1850.1
306694,"2018-02-09 15:19:46",IDFCBANK,6677500,53.2
306690,"2018-02-09 15:19:45",ICICIBANK,9122939,327.4
306688,"2018-02-09 15:19:40",IDFCBANK,6677488,53.2
306689,"2018-02-09 15:19:40",MARUTI,341103,8937
306685,"2018-02-09 15:19:39",HDFCBANK,1535296,1850.3
306686,"2018-02-09 15:19:39",AXISBANK,5677547,558.45
306687,"2018-02-09 15:19:39",LT,1923383,1330.6
306681,"2018-02-09 15:19:38",RELIANCE,5015023,898.15
306682,"2018-02-09 15:19:38",INFY,2016836,1109.3
306683,"2018-02-09 15:19:38",KOTAKBANK,1529938,1031.25
306684,"2018-02-09 15:19:38",HDIL,10619826,51.55
306676,"2018-02-09 15:19:37",LT,1922728,1330.1
306677,"2018-02-09 15:19:37",HDFCBANK,1534858,1850.1
306678,"2018-02-09 15:19:37",SBIN,15009516,296.7
306679,"2018-02-09 15:19:37",JINDALSTEL,15025989,273.75
306680,"2018-02-09 15:19:37",ITC,13735388,271.35
306675,"2018-02-09 15:19:36",RELIANCE,5011788,898.25
306673,"2018-02-09 15:19:35",SBIN,15006060,296.65
306674,"2018-02-09 15:19:35",KOTAKBANK,1529241,1031.05
306671,"2018-02-09 15:19:32",MARUTI,340953,8937.55
306672,"2018-02-09 15:19:32",HDFC,2485522,1774.4
306669,"2018-02-09 15:19:31",INFY,2016058,1109.1
306670,"2018-02-09 15:19:31",ITC,13725204,271.5
306665,"2018-02-09 15:19:29",HDIL,10605012,51.5
306666,"2018-02-09 15:19:29",AXISBANK,5675501,558.5
306667,"2018-02-09 15:19:29",IDFCBANK,6669649,53.2
306668,"2018-02-09 15:19:29",ICICIBANK,9115283,327.45
306664,"2018-02-09 15:19:28",HDFC,2484384,1774.4
306663,"2018-02-09 15:19:25",SBIN,14992179,296.75
306661,"2018-02-09 15:19:24",MARUTI,340780,8935.4
306662,"2018-02-09 15:19:24",HDIL,10602073,51.5
306658,"2018-02-09 15:19:23",JINDALSTEL,15014592,273.8
306659,"2018-02-09 15:19:23",IDFCBANK,6643568,53.2
306660,"2018-02-09 15:19:23",HDFCBANK,1534425,1849.8
306655,"2018-02-09 15:19:22",RELIANCE,5010144,898.25
306656,"2018-02-09 15:19:22",LT,1917904,1329.2
306657,"2018-02-09 15:19:22",INFY,2014066,1108.7
306652,"2018-02-09 15:19:21",AXISBANK,5674791,558.75
306653,"2018-02-09 15:19:21",ITC,13721683,271.4
306654,"2018-02-09 15:19:21",ICICIBANK,9112444,327.45
306651,"2018-02-09 15:19:19",HDIL,10598698,51.45
306650,"2018-02-09 15:19:18",JINDALSTEL,15002081,273.8
306649,"2018-02-09 15:19:17",MARUTI,340025,8940.65
306648,"2018-02-09 15:19:16",KOTAKBANK,1528230,1031.05
306646,"2018-02-09 15:19:15",ITC,13715874,271.5
306647,"2018-02-09 15:19:15",LT,1914471,1328.1
306645,"2018-02-09 15:19:14",SBIN,14978692,296.65
306642,"2018-02-09 15:19:13",AXISBANK,5673374,558.45
306643,"2018-02-09 15:19:13",ICICIBANK,9110009,327.5
306644,"2018-02-09 15:19:13",RELIANCE,5003423,898.45
306639,"2018-02-09 15:19:12",HDFCBANK,1533291,1849.9
306640,"2018-02-09 15:19:12",INFY,2012386,1109
306641,"2018-02-09 15:19:12",HDFC,2482467,1774.4
306638,"2018-02-09 15:19:11",HDIL,10595032,51.5
306637,"2018-02-09 15:19:10",LT,1913978,1328.5
306636,"2018-02-09 15:19:09",SBIN,14971761,296.65
306634,"2018-02-09 15:19:07",RELIANCE,5001644,898.6
306635,"2018-02-09 15:19:07",INFY,2010913,1109
306633,"2018-02-09 15:19:06",HDFCBANK,1532622,1849.95
306629,"2018-02-09 15:19:05",ICICIBANK,9106476,327.5
306630,"2018-02-09 15:19:05",HDFC,2480947,1774.4
306631,"2018-02-09 15:19:05",MARUTI,339913,8941.6
306632,"2018-02-09 15:19:05",KOTAKBANK,1526736,1031.2
306627,"2018-02-09 15:19:04",AXISBANK,5669592,558.4
306628,"2018-02-09 15:19:04",IDFCBANK,6640744,53.25
306626,"2018-02-09 15:19:03",ITC,13713401,271.35
306625,"2018-02-09 15:19:01",HDIL,10591731,51.45
306624,"2018-02-09 15:18:59",INFY,2009092,1108.7
306621,"2018-02-09 15:18:58",KOTAKBANK,1526465,1031.2
306622,"2018-02-09 15:18:58",SBIN,14964828,296.7
306623,"2018-02-09 15:18:58",RELIANCE,4999633,898.7
306618,"2018-02-09 15:18:57",AXISBANK,5668598,558.4
306619,"2018-02-09 15:18:57",IDFCBANK,6640449,53.2
306620,"2018-02-09 15:18:57",ITC,13707284,271.4
306614,"2018-02-09 15:18:56",MARUTI,339566,8941.65
306615,"2018-02-09 15:18:56",HDFC,2479160,1774.4
306616,"2018-02-09 15:18:56",JINDALSTEL,14992953,274.1
306617,"2018-02-09 15:18:56",HDFCBANK,1531993,1849
306612,"2018-02-09 15:18:55",LT,1913447,1328.8
306613,"2018-02-09 15:18:55",ICICIBANK,9078434,327.6
306611,"2018-02-09 15:18:53",LT,1912347,1328.1
306608,"2018-02-09 15:18:52",ITC,13697034,271.55
306609,"2018-02-09 15:18:52",SBIN,14962891,296.65
306610,"2018-02-09 15:18:52",HDFC,2477611,1774.9
306606,"2018-02-09 15:18:51",MARUTI,339424,8941.75
306607,"2018-02-09 15:18:51",INFY,2007022,1109
306605,"2018-02-09 15:18:50",HDIL,10588126,51.45
306604,"2018-02-09 15:18:49",JINDALSTEL,14989159,274.15
306603,"2018-02-09 15:18:48",AXISBANK,5666988,558.35
306599,"2018-02-09 15:18:47",RELIANCE,4997455,898.95
306600,"2018-02-09 15:18:47",KOTAKBANK,1526006,1031.2
306601,"2018-02-09 15:18:47",HDFCBANK,1531257,1850.25
306602,"2018-02-09 15:18:47",IDFCBANK,6639997,53.2
306598,"2018-02-09 15:18:45",HDFC,2475324,1775.3
306597,"2018-02-09 15:18:43",KOTAKBANK,1525413,1031.2
306594,"2018-02-09 15:18:42",RELIANCE,4994561,898.9
306595,"2018-02-09 15:18:42",ICICIBANK,9037895,327.7
306596,"2018-02-09 15:18:42",SBIN,14951885,296.7
306592,"2018-02-09 15:18:41",IDFCBANK,6632968,53.2
306593,"2018-02-09 15:18:41",JINDALSTEL,14978714,274.15
306589,"2018-02-09 15:18:40",INFY,1996176,1110.25
306590,"2018-02-09 15:18:40",LT,1911886,1328.05
306591,"2018-02-09 15:18:40",MARUTI,339297,8940.55
306585,"2018-02-09 15:18:39",AXISBANK,5664849,558.75
306586,"2018-02-09 15:18:39",HDIL,10585296,51.45
306587,"2018-02-09 15:18:39",HDFCBANK,1531029,1849.95
306588,"2018-02-09 15:18:39",ITC,13694352,271.5
306583,"2018-02-09 15:18:37",IDFCBANK,6619864,53.2
306584,"2018-02-09 15:18:37",HDIL,10558267,51.4
306582,"2018-02-09 15:18:36",KOTAKBANK,1525041,1031.15
306581,"2018-02-09 15:18:34",SBIN,14937381,296.65
306578,"2018-02-09 15:18:33",HDFC,2474306,1775.15
306579,"2018-02-09 15:18:33",JINDALSTEL,14966511,274.1
306580,"2018-02-09 15:18:33",INFY,1994546,1110.25
306577,"2018-02-09 15:18:32",ITC,13686121,271.5
306573,"2018-02-09 15:18:31",LT,1910949,1328.8
306574,"2018-02-09 15:18:31",AXISBANK,5660596,558.7
306575,"2018-02-09 15:18:31",ICICIBANK,9001840,327.4
306576,"2018-02-09 15:18:31",HDFCBANK,1529707,1850
306572,"2018-02-09 15:18:30",RELIANCE,4993111,898.55
306570,"2018-02-09 15:18:28",HDFCBANK,1529465,1850
306571,"2018-02-09 15:18:28",SBIN,14928513,296.8
306568,"2018-02-09 15:18:26",MARUTI,338874,8941.6
306569,"2018-02-09 15:18:26",RELIANCE,4982724,898.55
306567,"2018-02-09 15:18:24",ITC,13683124,271.55
306564,"2018-02-09 15:18:23",AXISBANK,5657411,558.45
306565,"2018-02-09 15:18:23",IDFCBANK,6619269,53.2
306566,"2018-02-09 15:18:23",KOTAKBANK,1524147,1031.1
306561,"2018-02-09 15:18:22",JINDALSTEL,14955850,274.1
306562,"2018-02-09 15:18:22",HDFC,2472330,1776.75
306563,"2018-02-09 15:18:22",ICICIBANK,8971491,327.2
306559,"2018-02-09 15:18:21",INFY,1981610,1108.5
306560,"2018-02-09 15:18:21",LT,1909609,1328.8
306558,"2018-02-09 15:18:19",SBIN,14915180,296.7
306557,"2018-02-09 15:18:18",HDFCBANK,1528912,1849.95
306555,"2018-02-09 15:18:17",JINDALSTEL,14933019,274
306556,"2018-02-09 15:18:17",LT,1908335,1328.4
306554,"2018-02-09 15:18:16",ICICIBANK,8967650,327.2
306553,"2018-02-09 15:18:15",AXISBANK,5654622,558.75
306549,"2018-02-09 15:18:14",MARUTI,338647,8941.65
306550,"2018-02-09 15:18:14",IDFCBANK,6617149,53.2
306551,"2018-02-09 15:18:14",HDFC,2470120,1777.2
306552,"2018-02-09 15:18:14",ITC,13675120,271.55
306547,"2018-02-09 15:18:13",JINDALSTEL,14923014,273.65
306548,"2018-02-09 15:18:13",KOTAKBANK,1523475,1031.1
306546,"2018-02-09 15:18:12",SBIN,14895146,296.8
306545,"2018-02-09 15:18:11",HDIL,10520593,51.5
306544,"2018-02-09 15:18:10",INFY,1974926,1110.35
306542,"2018-02-09 15:18:09",ITC,13670039,271.55
306543,"2018-02-09 15:18:09",RELIANCE,4975159,898.7
306541,"2018-02-09 15:18:07",AXISBANK,5646218,558.85
306538,"2018-02-09 15:18:06",IDFCBANK,6616189,53.2
306539,"2018-02-09 15:18:06",ICICIBANK,8963429,327.15
306540,"2018-02-09 15:18:06",KOTAKBANK,1522185,1031.05
306535,"2018-02-09 15:18:05",MARUTI,338458,8941.65
306536,"2018-02-09 15:18:05",HDFCBANK,1528744,1850.45
306537,"2018-02-09 15:18:05",LT,1907757,1328.45
306534,"2018-02-09 15:18:04",INFY,1974478,1110.35
306531,"2018-02-09 15:18:03",HDFCBANK,1528667,1849.65
306532,"2018-02-09 15:18:03",JINDALSTEL,14921479,273.55
306533,"2018-02-09 15:18:03",AXISBANK,5645329,558.85
306528,"2018-02-09 15:18:02",SBIN,14894891,296.8
306529,"2018-02-09 15:18:02",MARUTI,338415,8941.65
306530,"2018-02-09 15:18:02",HDFC,2459307,1774.7
306526,"2018-02-09 15:18:00",IDFCBANK,6616161,53.25
306527,"2018-02-09 15:18:00",HDFC,2456937,1775
306525,"2018-02-09 15:17:59",LT,1907331,1328.55
306523,"2018-02-09 15:17:58",MARUTI,338375,8944.55
306524,"2018-02-09 15:17:58",RELIANCE,4972845,898.7
306520,"2018-02-09 15:17:57",ICICIBANK,8960433,327.05
306521,"2018-02-09 15:17:57",AXISBANK,5644620,558.9
306522,"2018-02-09 15:17:57",INFY,1974236,1110.35
306518,"2018-02-09 15:17:56",HDFCBANK,1528444,1850.35
306519,"2018-02-09 15:17:56",KOTAKBANK,1521359,1031.05
306517,"2018-02-09 15:17:52",SBIN,14879942,296.7
306516,"2018-02-09 15:17:50",LT,1907128,1329.55
306515,"2018-02-09 15:17:49",HDFC,2452294,1774.15
306513,"2018-02-09 15:17:48",IDFCBANK,6614807,53.2
306514,"2018-02-09 15:17:48",HDIL,10507649,51.4
306511,"2018-02-09 15:17:47",KOTAKBANK,1521008,1031.25
306512,"2018-02-09 15:17:47",HDFCBANK,1528188,1850
306508,"2018-02-09 15:17:46",JINDALSTEL,14916576,273.75
306509,"2018-02-09 15:17:46",RELIANCE,4971623,898.6
306510,"2018-02-09 15:17:46",MARUTI,338111,8941
306505,"2018-02-09 15:17:45",INFY,1966364,1109.2
306506,"2018-02-09 15:17:45",AXISBANK,5642893,558.85
306507,"2018-02-09 15:17:45",ICICIBANK,8956119,326.95
306504,"2018-02-09 15:17:43",HDIL,10504946,51.45
306502,"2018-02-09 15:17:41",HDFCBANK,1527880,1850
306503,"2018-02-09 15:17:41",INFY,1965940,1108.8
306500,"2018-02-09 15:17:40",IDFCBANK,6614622,53.25
306501,"2018-02-09 15:17:40",JINDALSTEL,14913266,273.75
306497,"2018-02-09 15:17:39",KOTAKBANK,1521002,1031.25
306498,"2018-02-09 15:17:39",SBIN,14876318,296.7
306499,"2018-02-09 15:17:39",ICICIBANK,8953444,327
306495,"2018-02-09 15:17:38",AXISBANK,5639511,558.95
306496,"2018-02-09 15:17:38",LT,1904805,1329.7
306492,"2018-02-09 15:17:37",HDFC,2451314,1774.15
306493,"2018-02-09 15:17:37",RELIANCE,4968983,898.55
306494,"2018-02-09 15:17:37",ITC,13653640,271.5
306491,"2018-02-09 15:17:34",KOTAKBANK,1519693,1031.25
306490,"2018-02-09 15:17:32",HDFCBANK,1527463,1849.95
306487,"2018-02-09 15:17:31",ITC,13649509,271.55
306488,"2018-02-09 15:17:31",HDIL,10498756,51.45
306489,"2018-02-09 15:17:31",MARUTI,337512,8940.15
306483,"2018-02-09 15:17:30",SBIN,14872450,296.6
306484,"2018-02-09 15:17:30",AXISBANK,5635008,558.9
306485,"2018-02-09 15:17:30",RELIANCE,4966845,898.45
306486,"2018-02-09 15:17:30",ICICIBANK,8945547,326.95
306481,"2018-02-09 15:17:29",LT,1904188,1328.3
306482,"2018-02-09 15:17:29",HDFC,2449070,1774.3
306480,"2018-02-09 15:17:26",JINDALSTEL,14905448,273.5
306479,"2018-02-09 15:17:25",INFY,1963493,1108.8
306478,"2018-02-09 15:17:24",KOTAKBANK,1519567,1031.7
306477,"2018-02-09 15:17:23",SBIN,14862764,296.7
306473,"2018-02-09 15:17:22",MARUTI,337086,8938.65
306474,"2018-02-09 15:17:22",LT,1897257,1328
306475,"2018-02-09 15:17:22",ITC,13648307,271.6
306476,"2018-02-09 15:17:22",IDFCBANK,6611741,53.15
306469,"2018-02-09 15:17:21",HDFC,2448283,1774.25
306470,"2018-02-09 15:17:21",AXISBANK,5632976,558.85
306471,"2018-02-09 15:17:21",ICICIBANK,8939861,326.9
306472,"2018-02-09 15:17:21",HDFCBANK,1526923,1849.8
306467,"2018-02-09 15:17:20",KOTAKBANK,1517507,1031.05
306468,"2018-02-09 15:17:20",HDIL,10486255,51.45
306466,"2018-02-09 15:17:17",JINDALSTEL,14900388,273.2
306463,"2018-02-09 15:17:15",HDIL,10485169,51.5
306464,"2018-02-09 15:17:15",MARUTI,336968,8938.1
306465,"2018-02-09 15:17:15",LT,1896151,1328
306462,"2018-02-09 15:17:14",INFY,1962352,1108.7
306459,"2018-02-09 15:17:13",ICICIBANK,8938641,326.9
306460,"2018-02-09 15:17:13",HDFCBANK,1526663,1849
306461,"2018-02-09 15:17:13",AXISBANK,5628772,559
306456,"2018-02-09 15:17:12",IDFCBANK,6604169,53.2
306457,"2018-02-09 15:17:12",RELIANCE,4961968,898.25
306458,"2018-02-09 15:17:12",SBIN,14850137,296.5
306455,"2018-02-09 15:17:11",HDFC,2446904,1774.25
306453,"2018-02-09 15:17:09",MARUTI,336338,8938.1
306454,"2018-02-09 15:17:09",ICICIBANK,8935224,326.8
306450,"2018-02-09 15:17:08",SBIN,14844223,296.55
306451,"2018-02-09 15:17:08",LT,1895382,1328.15
306452,"2018-02-09 15:17:08",HDIL,10479128,51.55
306448,"2018-02-09 15:17:07",ITC,13633748,271.6
306449,"2018-02-09 15:17:07",INFY,1958359,1109
306447,"2018-02-09 15:17:04",JINDALSTEL,14893047,273.5
306443,"2018-02-09 15:17:03",AXISBANK,5617640,559.1
306444,"2018-02-09 15:17:03",HDFC,2445670,1774.2
306445,"2018-02-09 15:17:03",IDFCBANK,6594175,53.2
306446,"2018-02-09 15:17:03",HDFCBANK,1526486,1850
306440,"2018-02-09 15:16:58",INFY,1952421,1109.75
306441,"2018-02-09 15:16:58",ITC,13631264,271.55
306442,"2018-02-09 15:16:58",HDFCBANK,1525921,1850
306438,"2018-02-09 15:16:57",HDFC,2444285,1774.35
306439,"2018-02-09 15:16:57",KOTAKBANK,1516503,1032.75
306436,"2018-02-09 15:16:56",JINDALSTEL,14891147,273.75
306437,"2018-02-09 15:16:56",HDIL,10473351,51.45
306432,"2018-02-09 15:16:55",LT,1894401,1328.25
306433,"2018-02-09 15:16:55",AXISBANK,5614735,559.3
306434,"2018-02-09 15:16:55",RELIANCE,4957902,899
306435,"2018-02-09 15:16:55",IDFCBANK,6594119,53.2
306430,"2018-02-09 15:16:54",MARUTI,336203,8937.5
306431,"2018-02-09 15:16:54",SBIN,14840432,296.5
306428,"2018-02-09 15:16:53",HDFC,2441915,1774.2
306429,"2018-02-09 15:16:53",RELIANCE,4956851,898.65
306427,"2018-02-09 15:16:52",KOTAKBANK,1515716,1033
306425,"2018-02-09 15:16:50",HDIL,10458779,51.4
306426,"2018-02-09 15:16:50",LT,1892661,1328.05
306423,"2018-02-09 15:16:49",INFY,1951276,1110.05
306424,"2018-02-09 15:16:49",ITC,13621987,271.6
306419,"2018-02-09 15:16:47",SBIN,14831705,296.35
306420,"2018-02-09 15:16:47",JINDALSTEL,14884436,273.65
306421,"2018-02-09 15:16:47",AXISBANK,5612022,559.4
306422,"2018-02-09 15:16:47",IDFCBANK,6591246,53.25
306417,"2018-02-09 15:16:46",HDFCBANK,1525201,1849.1
306418,"2018-02-09 15:16:46",MARUTI,335904,8937.55
306416,"2018-02-09 15:16:43",ICICIBANK,8915166,326.6
306413,"2018-02-09 15:16:41",HDIL,10454254,51.4
306414,"2018-02-09 15:16:41",IDFCBANK,6582918,53.2
306415,"2018-02-09 15:16:41",JINDALSTEL,14881013,273.5
306412,"2018-02-09 15:16:40",KOTAKBANK,1514263,1033.25
306409,"2018-02-09 15:16:39",HDFCBANK,1524596,1849.55
306410,"2018-02-09 15:16:39",HDFC,2440841,1774.25
306411,"2018-02-09 15:16:39",ITC,13616548,271.65
306405,"2018-02-09 15:16:38",SBIN,14818834,296.45
306406,"2018-02-09 15:16:38",AXISBANK,5607960,559.4
306407,"2018-02-09 15:16:38",MARUTI,335212,8939.25
306408,"2018-02-09 15:16:38",INFY,1947739,1110
306402,"2018-02-09 15:16:37",HDFC,2438295,1774.35
306403,"2018-02-09 15:16:37",LT,1892215,1328.1
306404,"2018-02-09 15:16:37",RELIANCE,4955397,898.8
306401,"2018-02-09 15:16:36",MARUTI,334895,8940.2
306400,"2018-02-09 15:16:34",IDFCBANK,6581634,53.2
306398,"2018-02-09 15:16:32",HDIL,10450026,51.4
306399,"2018-02-09 15:16:32",ITC,13605635,271.75
306395,"2018-02-09 15:16:31",JINDALSTEL,14876197,273.45
306396,"2018-02-09 15:16:31",LT,1886325,1328
306397,"2018-02-09 15:16:31",HDFCBANK,1523700,1850
306391,"2018-02-09 15:16:30",ICICIBANK,8911821,326.6
306392,"2018-02-09 15:16:30",SBIN,14803494,296.6
306393,"2018-02-09 15:16:30",KOTAKBANK,1513612,1033.1
306394,"2018-02-09 15:16:30",RELIANCE,4951490,898.45
306389,"2018-02-09 15:16:29",AXISBANK,5601637,559.45
306390,"2018-02-09 15:16:29",INFY,1945287,1110
306387,"2018-02-09 15:16:27",HDFC,2436430,1774.4
306388,"2018-02-09 15:16:27",RELIANCE,4948035,898.3
306386,"2018-02-09 15:16:25",ITC,13598751,271.65
306385,"2018-02-09 15:16:24",LT,1884863,1328
306383,"2018-02-09 15:16:23",MARUTI,334574,8944.9
306384,"2018-02-09 15:16:23",ICICIBANK,8904145,326.55
306381,"2018-02-09 15:16:22",AXISBANK,5599412,559.65
306382,"2018-02-09 15:16:22",HDIL,10427357,51.3
306377,"2018-02-09 15:16:21",SBIN,14789230,296.5
306378,"2018-02-09 15:16:21",INFY,1943790,1110
306379,"2018-02-09 15:16:21",KOTAKBANK,1512222,1033
306380,"2018-02-09 15:16:21",JINDALSTEL,14871777,273.65
306376,"2018-02-09 15:16:19",MARUTI,333751,8945
306374,"2018-02-09 15:16:17",RELIANCE,4944332,898.3
306375,"2018-02-09 15:16:17",KOTAKBANK,1511474,1033
306372,"2018-02-09 15:16:16",LT,1875461,1328.4
306373,"2018-02-09 15:16:16",INFY,1942798,1110
306368,"2018-02-09 15:16:15",ICICIBANK,8897045,326.55
306369,"2018-02-09 15:16:15",HDFC,2435030,1774.1
306370,"2018-02-09 15:16:15",ITC,13594964,271.85
306371,"2018-02-09 15:16:15",HDIL,10393027,51.5
306366,"2018-02-09 15:16:14",AXISBANK,5595213,559.35
306367,"2018-02-09 15:16:14",LT,1873412,1328.95
306363,"2018-02-09 15:16:13",SBIN,14762974,296.6
306364,"2018-02-09 15:16:13",JINDALSTEL,14862233,273.5
306365,"2018-02-09 15:16:13",SBIN,14778734,296.45
306362,"2018-02-09 15:16:12",LT,1875461,1328.4
306361,"2018-02-09 15:16:11",LT,1873412,1328.95
306360,"2018-02-09 15:16:09",IDFCBANK,6558709,53.25
306358,"2018-02-09 15:16:07",INFY,1941527,1110.15
306359,"2018-02-09 15:16:07",ICICIBANK,8892122,326.55
306355,"2018-02-09 15:16:06",HDFC,2432800,1774.35
306356,"2018-02-09 15:16:06",KOTAKBANK,1510129,1032.9
306357,"2018-02-09 15:16:06",HDFCBANK,1522335,1850.25
306353,"2018-02-09 15:16:05",AXISBANK,5593206,559.5
306354,"2018-02-09 15:16:05",JINDALSTEL,14859858,273.4
306352,"2018-02-09 15:16:03",SBIN,14743727,296.5
306351,"2018-02-09 15:16:02",RELIANCE,4938893,898.8
306350,"2018-02-09 15:16:01",IDFCBANK,6558461,53.2
306347,"2018-02-09 15:15:59",MARUTI,333155,8950
306348,"2018-02-09 15:15:59",HDIL,10381453,51.55
306349,"2018-02-09 15:15:59",KOTAKBANK,1509714,1032.65
306344,"2018-02-09 15:15:58",LT,1871954,1328.5
306345,"2018-02-09 15:15:58",HDFC,2430790,1774.15
306346,"2018-02-09 15:15:58",ICICIBANK,8887365,326.65
306341,"2018-02-09 15:15:57",ITC,13589715,271.75
306342,"2018-02-09 15:15:57",AXISBANK,5590473,559.6
306343,"2018-02-09 15:15:57",HDFCBANK,1522039,1849.5
306340,"2018-02-09 15:15:56",JINDALSTEL,14856053,273.45
306339,"2018-02-09 15:15:53",KOTAKBANK,1507994,1032.05
306337,"2018-02-09 15:15:52",MARUTI,332025,8946.5
306338,"2018-02-09 15:15:52",LT,1870529,1329.95
306336,"2018-02-09 15:15:51",JINDALSTEL,14845403,273.45
306334,"2018-02-09 15:15:49",SBIN,14725475,296.75
306335,"2018-02-09 15:15:49",HDIL,10368834,51.65
306332,"2018-02-09 15:15:48",INFY,1937630,1110.85
306333,"2018-02-09 15:15:48",AXISBANK,5585590,559.6
306330,"2018-02-09 15:15:47",RELIANCE,4935881,898.95
306331,"2018-02-09 15:15:47",IDFCBANK,6549803,53.2
306327,"2018-02-09 15:15:46",HDFCBANK,1521376,1850.3
306328,"2018-02-09 15:15:46",ICICIBANK,8879493,326.5
306329,"2018-02-09 15:15:46",ITC,13578244,271.95
306326,"2018-02-09 15:15:45",ICICIBANK,8849804,326.7
306325,"2018-02-09 15:15:43",LT,1866847,1329.95
306324,"2018-02-09 15:15:41",AXISBANK,5562703,560
306322,"2018-02-09 15:15:40",HDFCBANK,1520211,1850.05
306323,"2018-02-09 15:15:40",HDFC,2418994,1773.95
306318,"2018-02-09 15:15:39",JINDALSTEL,14823618,273.2
306319,"2018-02-09 15:15:39",MARUTI,330968,8947
306320,"2018-02-09 15:15:39",KOTAKBANK,1506272,1032.25
306321,"2018-02-09 15:15:39",IDFCBANK,6544681,53.15
306317,"2018-02-09 15:15:38",SBIN,14692398,296.7
306315,"2018-02-09 15:15:36",LT,1865630,1328.85
306316,"2018-02-09 15:15:36",AXISBANK,5558282,560.5
306313,"2018-02-09 15:15:35",JINDALSTEL,14810588,273.15
306314,"2018-02-09 15:15:35",IDFCBANK,6542039,53.2
306311,"2018-02-09 15:15:34",MARUTI,329692,8946.5
306312,"2018-02-09 15:15:34",ICICIBANK,8826182,326.85
306310,"2018-02-09 15:15:33",HDIL,9563690,51.85
306308,"2018-02-09 15:15:29",ITC,13538193,271.5
306309,"2018-02-09 15:15:29",RELIANCE,4908794,898.5
306306,"2018-02-09 15:15:28",HDFCBANK,1513072,1850.85
306307,"2018-02-09 15:15:28",IDFCBANK,6522463,53.15
306301,"2018-02-09 15:15:27",AXISBANK,5545947,560.75
306302,"2018-02-09 15:15:27",LT,1863710,1330
306303,"2018-02-09 15:15:27",JINDALSTEL,14712039,273.85
306304,"2018-02-09 15:15:27",ICICIBANK,8800797,326.9
306305,"2018-02-09 15:15:27",HDIL,9530717,51.8
306300,"2018-02-09 15:14:57",HDFC,2404932,1774.85
306299,"2018-02-09 15:14:50",HDIL,9463371,51.8
306296,"2018-02-09 15:14:49",SBIN,14577982,296.9
306297,"2018-02-09 15:14:49",HDFCBANK,1511587,1849.05
306298,"2018-02-09 15:14:49",JINDALSTEL,14659591,273.2
306295,"2018-02-09 15:14:48",ICICIBANK,8770643,326.9
306294,"2018-02-09 15:14:47",AXISBANK,5495518,559.2
306292,"2018-02-09 15:14:45",MARUTI,326911,8944.7
306293,"2018-02-09 15:14:45",JINDALSTEL,14655924,273.5
306291,"2018-02-09 15:14:44",HDFCBANK,1511297,1850.5
306290,"2018-02-09 15:14:43",ICICIBANK,8764728,326.6
306289,"2018-02-09 15:14:42",SBIN,14564753,296.9
306286,"2018-02-09 15:14:41",LT,1857960,1330.7
306287,"2018-02-09 15:14:41",HDIL,9462992,51.85
306288,"2018-02-09 15:14:41",IDFCBANK,6463014,53.2
306285,"2018-02-09 15:14:40",ITC,13516924,271.55
306284,"2018-02-09 15:14:39",AXISBANK,5489435,559.2
306282,"2018-02-09 15:14:38",HDIL,9456600,51.85
306283,"2018-02-09 15:14:38",INFY,1907921,1110
306281,"2018-02-09 15:14:37",MARUTI,326505,8944
306279,"2018-02-09 15:14:36",IDFCBANK,6457243,53.25
306280,"2018-02-09 15:14:36",SBIN,14549331,297
306277,"2018-02-09 15:14:35",RELIANCE,4879916,899.65
306278,"2018-02-09 15:14:35",LT,1857546,1330.7
306275,"2018-02-09 15:14:33",KOTAKBANK,1490858,1031.55
306276,"2018-02-09 15:14:33",AXISBANK,5474675,559.35
306274,"2018-02-09 15:14:32",ICICIBANK,8754805,326.65
306273,"2018-02-09 15:14:31",HDFC,2403380,1774.7
306272,"2018-02-09 15:14:29",HDFCBANK,1510381,1850
306271,"2018-02-09 15:14:27",MARUTI,326195,8944.05
306267,"2018-02-09 15:14:25",JINDALSTEL,14627099,273.8
306268,"2018-02-09 15:14:25",INFY,1906217,1110.05
306269,"2018-02-09 15:14:25",AXISBANK,5472938,559.45
306270,"2018-02-09 15:14:25",LT,1857382,1331
306266,"2018-02-09 15:14:24",ITC,13511238,271.6
306265,"2018-02-09 15:14:23",ICICIBANK,8741492,326.5
306264,"2018-02-09 15:14:16",ITC,13482944,271.6
306263,"2018-02-09 15:14:14",MARUTI,326124,8943.85
306261,"2018-02-09 15:14:13",KOTAKBANK,1489238,1031.25
306262,"2018-02-09 15:14:13",AXISBANK,5466268,559.25
306260,"2018-02-09 15:14:11",JINDALSTEL,14595595,273.4
306258,"2018-02-09 15:14:10",LT,1853659,1331
306259,"2018-02-09 15:14:10",RELIANCE,4871456,899.4
306256,"2018-02-09 15:14:08",MARUTI,325895,8944.1
306257,"2018-02-09 15:14:08",ITC,13478388,271.6
306253,"2018-02-09 15:14:07",HDFCBANK,1508789,1849.45
306254,"2018-02-09 15:14:07",KOTAKBANK,1487301,1032.05
306255,"2018-02-09 15:14:07",HDIL,9410016,51.85
306250,"2018-02-09 15:14:06",HDFC,2400157,1773.9
306251,"2018-02-09 15:14:06",INFY,1904303,1110.05
306252,"2018-02-09 15:14:06",ICICIBANK,8738691,326.5
306249,"2018-02-09 15:14:05",AXISBANK,5454267,558.65
306247,"2018-02-09 15:14:04",SBIN,14473525,297.1
306248,"2018-02-09 15:14:04",ITC,13476363,271.5
306245,"2018-02-09 15:14:03",IDFCBANK,6421317,53.25
306246,"2018-02-09 15:14:03",MARUTI,325721,8944.8
306241,"2018-02-09 15:14:00",AXISBANK,5453558,558.7
306242,"2018-02-09 15:14:00",HDFCBANK,1508023,1849.35
306243,"2018-02-09 15:14:00",HDFC,2399197,1773.9
306244,"2018-02-09 15:14:00",ICICIBANK,8735272,326.5
306240,"2018-02-09 15:13:59",RELIANCE,4870577,899.4
306239,"2018-02-09 15:13:58",HDFC,2398875,1773.75
306237,"2018-02-09 15:13:57",ITC,13476182,271.5
306238,"2018-02-09 15:13:57",MARUTI,325664,8944.75
306236,"2018-02-09 15:13:51",HDIL,9352992,51.8
306235,"2018-02-09 15:13:49",INFY,1900156,1110
306234,"2018-02-09 15:13:48",IDFCBANK,6408994,53.2
306231,"2018-02-09 15:13:47",ICICIBANK,8730967,326.35
306232,"2018-02-09 15:13:47",AXISBANK,5448370,558.5
306233,"2018-02-09 15:13:47",LT,1852481,1330.45
306230,"2018-02-09 15:13:46",MARUTI,325473,8941.85
306229,"2018-02-09 15:13:44",HDFCBANK,1506820,1848.7
306228,"2018-02-09 15:13:43",ICICIBANK,8730619,326.45
306227,"2018-02-09 15:13:41",RELIANCE,4861290,898.65
306226,"2018-02-09 15:13:40",HDFC,2394762,1773.75
306224,"2018-02-09 15:13:39",MARUTI,325383,8941.85
306225,"2018-02-09 15:13:39",KOTAKBANK,1485494,1032.1
306220,"2018-02-09 15:13:38",ITC,13466867,271.55
306221,"2018-02-09 15:13:38",IDFCBANK,6407837,53.2
306222,"2018-02-09 15:13:38",HDIL,9352672,51.8
306223,"2018-02-09 15:13:38",JINDALSTEL,14562082,272.7
306216,"2018-02-09 15:13:37",KOTAKBANK,1484869,1032.2
306217,"2018-02-09 15:13:37",AXISBANK,5446649,558.5
306218,"2018-02-09 15:13:37",INFY,1899117,1110.05
306219,"2018-02-09 15:13:37",SBIN,14405999,296.9
306215,"2018-02-09 15:13:36",SBIN,14404718,297
306214,"2018-02-09 15:13:33",RELIANCE,4860681,898.95
306210,"2018-02-09 15:13:32",JINDALSTEL,14559117,272.6
306211,"2018-02-09 15:13:32",IDFCBANK,6402227,53.2
306212,"2018-02-09 15:13:32",HDFC,2392486,1773.4
306213,"2018-02-09 15:13:32",HDFCBANK,1505992,1848.35
306209,"2018-02-09 15:13:31",HDIL,9351121,51.8
306207,"2018-02-09 15:13:30",AXISBANK,5439099,558.7
306208,"2018-02-09 15:13:30",MARUTI,325286,8942
306204,"2018-02-09 15:13:29",INFY,1897936,1110.05
306205,"2018-02-09 15:13:29",AXISBANK,5439099,558.7
306206,"2018-02-09 15:13:29",AXISBANK,5423704,557.75
306202,"2018-02-09 15:13:27",SBIN,14400158,297
306203,"2018-02-09 15:13:27",ICICIBANK,8722903,326.4
306200,"2018-02-09 15:13:25",HDFCBANK,1505362,1848.7
306201,"2018-02-09 15:13:25",KOTAKBANK,1484330,1032.35
306199,"2018-02-09 15:13:24",JINDALSTEL,14556640,272.7
306197,"2018-02-09 15:13:23",IDFCBANK,6402011,53.2
306198,"2018-02-09 15:13:23",AXISBANK,5423704,557.75
306195,"2018-02-09 15:13:22",RELIANCE,4859714,899
306196,"2018-02-09 15:13:22",ITC,13459212,271.55
306191,"2018-02-09 15:13:21",LT,1850764,1330.45
306192,"2018-02-09 15:13:21",HDIL,9298175,51.8
306193,"2018-02-09 15:13:21",HDFC,2391330,1773.2
306194,"2018-02-09 15:13:21",KOTAKBANK,1483784,1032.4
306189,"2018-02-09 15:13:20",ITC,13455529,271.55
306190,"2018-02-09 15:13:20",INFY,1896522,1110
306188,"2018-02-09 15:13:16",JINDALSTEL,14550949,272.5
306186,"2018-02-09 15:13:15",IDFCBANK,6401888,53.2
306187,"2018-02-09 15:13:15",INFY,1895286,1110.05
306185,"2018-02-09 15:13:14",HDFCBANK,1503934,1848.65
306180,"2018-02-09 15:13:13",AXISBANK,5420485,557.65
306181,"2018-02-09 15:13:13",HDIL,9288153,51.85
306182,"2018-02-09 15:13:13",LT,1850185,1330.45
306183,"2018-02-09 15:13:13",ICICIBANK,8720603,326.35
306184,"2018-02-09 15:13:13",HDFC,2389778,1773.9
306177,"2018-02-09 15:13:12",IDFCBANK,6401782,53.25
306178,"2018-02-09 15:13:12",MARUTI,324449,8941.8
306179,"2018-02-09 15:13:12",SBIN,14384271,296.9
306176,"2018-02-09 15:13:11",KOTAKBANK,1482653,1032.6
306175,"2018-02-09 15:13:08",JINDALSTEL,14545589,272.8
306174,"2018-02-09 15:13:07",HDIL,9281985,51.85
306173,"2018-02-09 15:13:06",LT,1849422,1330.15
306170,"2018-02-09 15:13:05",HDFCBANK,1503030,1848.95
306171,"2018-02-09 15:13:05",MARUTI,324354,8941
306172,"2018-02-09 15:13:05",AXISBANK,5414256,557.65
306169,"2018-02-09 15:13:04",SBIN,14373415,296.9
306166,"2018-02-09 15:13:03",MARUTI,324152,8940.8
306167,"2018-02-09 15:13:03",ICICIBANK,8712633,326.4
306168,"2018-02-09 15:13:03",ITC,13449617,271.55
306165,"2018-02-09 15:13:01",ICICIBANK,8709434,326.35
306164,"2018-02-09 15:13:00",HDFCBANK,1502776,1849.3
306163,"2018-02-09 15:12:59",SBIN,14364253,296.95
306161,"2018-02-09 15:12:58",JINDALSTEL,14536738,272.95
306162,"2018-02-09 15:12:58",ITC,13447324,271.45
306159,"2018-02-09 15:12:57",INFY,1892421,1110
306160,"2018-02-09 15:12:57",LT,1847825,1330.6
306156,"2018-02-09 15:12:56",HDIL,9279202,51.8
306157,"2018-02-09 15:12:56",IDFCBANK,6399560,53.25
306158,"2018-02-09 15:12:56",AXISBANK,5412259,557.65
306155,"2018-02-09 15:12:55",KOTAKBANK,1481888,1032.7
306153,"2018-02-09 15:12:52",KOTAKBANK,1481778,1033
306154,"2018-02-09 15:12:52",ITC,13442683,271.35
306152,"2018-02-09 15:12:51",RELIANCE,4847463,899.7
306151,"2018-02-09 15:12:50",HDFC,2384590,1774.05
306149,"2018-02-09 15:12:48",LT,1847413,1330.45
306150,"2018-02-09 15:12:48",MARUTI,324031,8940.15
306146,"2018-02-09 15:12:47",AXISBANK,5410039,557.65
306147,"2018-02-09 15:12:47",ICICIBANK,8705025,326.35
306148,"2018-02-09 15:12:47",JINDALSTEL,14530827,272.9
306145,"2018-02-09 15:12:46",IDFCBANK,6396091,53.2
306144,"2018-02-09 15:12:45",INFY,1890695,1110
306143,"2018-02-09 15:12:44",HDIL,9266716,51.85
306142,"2018-02-09 15:12:42",JINDALSTEL,14524560,272.7
306139,"2018-02-09 15:12:41",ITC,13440763,271.4
306140,"2018-02-09 15:12:41",SBIN,14327551,296.7
306141,"2018-02-09 15:12:41",LT,1846198,1330.5
306135,"2018-02-09 15:12:40",IDFCBANK,6395990,53.2
306136,"2018-02-09 15:12:40",HDFCBANK,1500359,1848.8
306137,"2018-02-09 15:12:40",MARUTI,323797,8940.05
306138,"2018-02-09 15:12:40",AXISBANK,5407358,557.75
306134,"2018-02-09 15:12:39",KOTAKBANK,1481343,1032.9
306133,"2018-02-09 15:12:36",ICICIBANK,8688571,326.35
306132,"2018-02-09 15:12:35",LT,1845754,1330.7
306128,"2018-02-09 15:12:33",IDFCBANK,6393529,53.25
306129,"2018-02-09 15:12:33",HDFC,2380838,1774
306130,"2018-02-09 15:12:33",INFY,1888341,1110.05
306131,"2018-02-09 15:12:33",KOTAKBANK,1478896,1033.35
306126,"2018-02-09 15:12:32",MARUTI,323699,8940
306127,"2018-02-09 15:12:32",HDFCBANK,1499631,1848.4
306125,"2018-02-09 15:12:31",AXISBANK,5404596,557.6
306123,"2018-02-09 15:12:30",SBIN,14319791,296.8
306124,"2018-02-09 15:12:30",HDIL,9262214,51.85
306122,"2018-02-09 15:12:28",LT,1844963,1331
306119,"2018-02-09 15:12:27",KOTAKBANK,1469131,1034
306120,"2018-02-09 15:12:27",ICICIBANK,8684808,326.3
306121,"2018-02-09 15:12:27",SBIN,14307283,296.9
306118,"2018-02-09 15:12:26",ITC,13431272,271.3
306117,"2018-02-09 15:12:23",JINDALSTEL,14515183,272.25
306112,"2018-02-09 15:12:22",RELIANCE,4841545,899.1
306113,"2018-02-09 15:12:22",AXISBANK,5402223,557.5
306114,"2018-02-09 15:12:22",HDFCBANK,1498960,1847.7
306115,"2018-02-09 15:12:22",HDFC,2379828,1774.3
306116,"2018-02-09 15:12:22",HDIL,9259399,51.8
306111,"2018-02-09 15:12:21",IDFCBANK,6393206,53.2
306110,"2018-02-09 15:12:20",KOTAKBANK,1460159,1034
306109,"2018-02-09 15:12:19",INFY,1885622,1110
306108,"2018-02-09 15:12:18",JINDALSTEL,14498949,272.4
306106,"2018-02-09 15:12:16",MARUTI,323246,8940
306107,"2018-02-09 15:12:16",IDFCBANK,6392659,53.25
306104,"2018-02-09 15:12:15",HDIL,9257578,51.85
306105,"2018-02-09 15:12:15",AXISBANK,5398464,557.55
306103,"2018-02-09 15:12:14",HDFC,2374075,1774.9
306102,"2018-02-09 15:12:11",IDFCBANK,6379701,53.2
306101,"2018-02-09 15:12:10",SBIN,14292420,296.95
306098,"2018-02-09 15:12:07",LT,1842901,1330.85
306099,"2018-02-09 15:12:07",AXISBANK,5389293,557.6
306100,"2018-02-09 15:12:07",RELIANCE,4829817,898.35
306096,"2018-02-09 15:12:06",ITC,13418264,271.4
306097,"2018-02-09 15:12:06",MARUTI,323044,8940
306091,"2018-02-09 15:12:05",AXISBANK,5388232,557.55
306092,"2018-02-09 15:12:05",HDIL,9252699,51.75
306093,"2018-02-09 15:12:05",KOTAKBANK,1452025,1034.05
306094,"2018-02-09 15:12:05",INFY,1884913,1110.1
306095,"2018-02-09 15:12:05",ICICIBANK,8676647,326.4
306090,"2018-02-09 15:12:03",RELIANCE,4829750,898.35
306088,"2018-02-09 15:12:02",JINDALSTEL,14490128,272.4
306089,"2018-02-09 15:12:02",MARUTI,322982,8940
306087,"2018-02-09 15:12:00",ICICIBANK,8670185,326.25
306086,"2018-02-09 15:11:59",AXISBANK,5387386,557.5
306085,"2018-02-09 15:11:58",HDFCBANK,1497226,1848.65
306084,"2018-02-09 15:11:57",INFY,1884028,1110.1
306083,"2018-02-09 15:11:56",MARUTI,322644,8938.55
306082,"2018-02-09 15:11:55",ITC,13411712,271.45
306081,"2018-02-09 15:11:54",KOTAKBANK,1434715,1034
306078,"2018-02-09 15:11:53",HDIL,9245889,51.8
306079,"2018-02-09 15:11:53",LT,1842387,1331.3
306080,"2018-02-09 15:11:53",MARUTI,322571,8935.6
306077,"2018-02-09 15:11:52",AXISBANK,5379187,557.5
306076,"2018-02-09 15:11:51",ICICIBANK,8612086,326.25
306075,"2018-02-09 15:11:50",RELIANCE,4828870,898.2
306073,"2018-02-09 15:11:49",HDFCBANK,1496612,1847.55
306074,"2018-02-09 15:11:49",IDFCBANK,6377528,53.2
306072,"2018-02-09 15:11:47",IDFCBANK,6368513,53.2
306071,"2018-02-09 15:11:46",HDFC,2369135,1774.6
306070,"2018-02-09 15:11:45",ICICIBANK,8611452,326.25
306069,"2018-02-09 15:11:43",KOTAKBANK,1422244,1034
306066,"2018-02-09 15:11:42",HDIL,9242438,51.85
306067,"2018-02-09 15:11:42",MARUTI,322423,8935.05
306068,"2018-02-09 15:11:42",JINDALSTEL,14465951,272.55
306063,"2018-02-09 15:11:41",INFY,1880372,1110
306064,"2018-02-09 15:11:41",AXISBANK,5377049,557.3
306065,"2018-02-09 15:11:41",SBIN,14260008,297.05
306062,"2018-02-09 15:11:40",ITC,13410134,271.5
306061,"2018-02-09 15:11:39",ITC,13403246,271.55
306057,"2018-02-09 15:11:36",RELIANCE,4826212,898.1
306058,"2018-02-09 15:11:36",JINDALSTEL,14454390,272.15
306059,"2018-02-09 15:11:36",IDFCBANK,6368301,53.2
306060,"2018-02-09 15:11:36",INFY,1877960,1110.2
306056,"2018-02-09 15:11:35",KOTAKBANK,1411740,1034
306051,"2018-02-09 15:11:34",HDFC,2364798,1773.95
306052,"2018-02-09 15:11:34",HDFCBANK,1495487,1848.65
306053,"2018-02-09 15:11:34",AXISBANK,5364768,556.8
306054,"2018-02-09 15:11:34",MARUTI,322335,8935
306055,"2018-02-09 15:11:34",ICICIBANK,8609258,326.25
306050,"2018-02-09 15:11:33",HDIL,9239225,51.85
306048,"2018-02-09 15:11:31",INFY,1877108,1110.25
306049,"2018-02-09 15:11:31",MARUTI,322184,8937.65
306047,"2018-02-09 15:11:29",SBIN,14241223,297.25
306046,"2018-02-09 15:11:28",AXISBANK,5359589,556.45
306045,"2018-02-09 15:11:25",HDFCBANK,1493444,1847.8
306043,"2018-02-09 15:11:24",JINDALSTEL,14436610,272
306044,"2018-02-09 15:11:24",HDFCBANK,1492999,1847.6
306042,"2018-02-09 15:11:23",HDFC,2360255,1773.9
306038,"2018-02-09 15:11:21",RELIANCE,4821785,897.9
306039,"2018-02-09 15:11:21",INFY,1875916,1110.2
306040,"2018-02-09 15:11:21",KOTAKBANK,1404195,1034.35
306041,"2018-02-09 15:11:21",ICICIBANK,8592210,326
306037,"2018-02-09 15:11:19",SBIN,14213100,296.95
306035,"2018-02-09 15:11:16",ITC,13398096,271.4
306036,"2018-02-09 15:11:16",AXISBANK,5357420,556.3
306034,"2018-02-09 15:11:15",MARUTI,321885,8937.05
306032,"2018-02-09 15:11:14",ICICIBANK,8588084,326
306033,"2018-02-09 15:11:14",SBIN,14195387,296.65
306030,"2018-02-09 15:11:09",JINDALSTEL,14419933,271.85
306031,"2018-02-09 15:11:09",MARUTI,321553,8936.75
306027,"2018-02-09 15:11:08",HDFCBANK,1492790,1848
306028,"2018-02-09 15:11:08",AXISBANK,5355851,556.05
306029,"2018-02-09 15:11:08",ITC,13393972,271.45
306026,"2018-02-09 15:11:06",HDIL,9208276,51.75
306025,"2018-02-09 15:11:04",KOTAKBANK,1402245,1034.95
306024,"2018-02-09 15:11:02",RELIANCE,4817242,897.5
306023,"2018-02-09 15:11:01",SBIN,14169605,296.95
306021,"2018-02-09 15:11:00",JINDALSTEL,14403840,271.7
306022,"2018-02-09 15:11:00",HDFC,2353438,1773.2
306020,"2018-02-09 15:10:58",LT,1827381,1330
306019,"2018-02-09 15:10:56",ICICIBANK,8580796,326.05
306017,"2018-02-09 15:10:55",AXISBANK,5351915,556.45
306018,"2018-02-09 15:10:55",HDFCBANK,1489502,1848
306014,"2018-02-09 15:10:51",LT,1824441,1330.05
306015,"2018-02-09 15:10:51",IDFCBANK,6337143,53.15
306016,"2018-02-09 15:10:51",KOTAKBANK,1401235,1034.45
306012,"2018-02-09 15:10:49",SBIN,14154716,296.8
306013,"2018-02-09 15:10:49",ICICIBANK,8574737,326
306011,"2018-02-09 15:10:48",MARUTI,320244,8935.2
306007,"2018-02-09 15:10:47",HDFCBANK,1489224,1848.25
306008,"2018-02-09 15:10:47",HDFC,2351036,1773.25
306009,"2018-02-09 15:10:47",AXISBANK,5347604,556.25
306010,"2018-02-09 15:10:47",INFY,1869492,1110
306004,"2018-02-09 15:10:46",HDIL,9202532,51.85
306005,"2018-02-09 15:10:46",RELIANCE,4815790,897.6
306006,"2018-02-09 15:10:46",HDIL,9207720,51.8
306002,"2018-02-09 15:10:45",INFY,1867841,1110.05
306003,"2018-02-09 15:10:45",MARUTI,320032,8935.55
306000,"2018-02-09 15:10:44",IDFCBANK,6336062,53.2
306001,"2018-02-09 15:10:44",HDFC,2349335,1772.95
305999,"2018-02-09 15:10:43",JINDALSTEL,14383559,272.1
305998,"2018-02-09 15:10:42",HDFC,2350106,1773.1
305997,"2018-02-09 15:10:41",ICICIBANK,8568249,326.05
305996,"2018-02-09 15:10:40",HDFCBANK,1487805,1848.4
305995,"2018-02-09 15:10:39",SBIN,14146279,296.75
305992,"2018-02-09 15:10:38",JINDALSTEL,14381732,272
305993,"2018-02-09 15:10:38",RELIANCE,4809329,897.85
305994,"2018-02-09 15:10:38",AXISBANK,5344855,555.95
305991,"2018-02-09 15:10:36",HDFC,2349335,1772.95
305989,"2018-02-09 15:10:34",ICICIBANK,8539025,325.8
305990,"2018-02-09 15:10:34",INFY,1866547,1110.75
305988,"2018-02-09 15:10:33",SBIN,14137481,296.9
305987,"2018-02-09 15:10:32",AXISBANK,5343608,556
305985,"2018-02-09 15:10:30",ITC,13366903,271.5
305986,"2018-02-09 15:10:30",KOTAKBANK,1399611,1034.15
305984,"2018-02-09 15:10:29",LT,1822451,1330.6
305982,"2018-02-09 15:10:28",HDIL,9190587,51.85
305983,"2018-02-09 15:10:28",RELIANCE,4804630,897.35
