id,curr_time,symbol,volume,price
232317,"2018-02-07 09:16:16",HDFC,106511,1798.05
232318,"2018-02-07 09:16:17",IDFCBANK,142798,52.15
232319,"2018-02-07 09:16:16",INFY,113550,1116.8
232320,"2018-02-07 09:16:17",ICICIBANK,254832,335.25
232321,"2018-02-07 09:16:17",HDIL,283684,52.3
232322,"2018-02-07 09:16:17",AXISBANK,145758,570.1
232323,"2018-02-07 09:16:17",HDFCBANK,28344,1888.1
232324,"2018-02-07 09:16:19",JINDALSTEL,265360,261.25
232325,"2018-02-07 09:16:20",MARUTI,18880,9142.25
232326,"2018-02-07 09:16:20",RELIANCE,222477,901.45
232327,"2018-02-07 09:16:22",LT,61117,1361.55
232328,"2018-02-07 09:16:22",ITC,437897,276.65
232329,"2018-02-07 09:16:22",KOTAKBANK,1545551,1038
232330,"2018-02-07 09:16:22",SBIN,410281,296.9
232331,"2018-02-07 09:16:25",AXISBANK,155599,569.85
232332,"2018-02-07 09:16:25",SBIN,442363,296.75
232333,"2018-02-07 09:16:26",RELIANCE,232939,901.7
232334,"2018-02-07 09:16:28",KOTAKBANK,1550428,1038.2
232335,"2018-02-07 09:16:28",ITC,458114,276.6
232336,"2018-02-07 09:16:28",AXISBANK,164549,570.05
232337,"2018-02-07 09:16:30",HDFCBANK,30013,1886.35
232338,"2018-02-07 09:16:31",RELIANCE,238981,901.5
232339,"2018-02-07 09:16:32",JINDALSTEL,290334,260.7
232340,"2018-02-07 09:16:35",LT,64139,1362.45
232341,"2018-02-07 09:16:36",IDFCBANK,166012,52.15
232342,"2018-02-07 09:16:36",HDIL,312835,52.25
232343,"2018-02-07 09:16:38",HDIL,315511,52.25
232344,"2018-02-07 09:16:38",SBIN,518640,296.5
232345,"2018-02-07 09:16:40",JINDALSTEL,307713,260.4
232346,"2018-02-07 09:16:40",AXISBANK,166903,569.85
232347,"2018-02-07 09:16:41",HDFC,123203,1795.2
232348,"2018-02-07 09:16:41",HDFCBANK,32903,1887.45
232349,"2018-02-07 09:16:42",ITC,473891,276.6
232350,"2018-02-07 09:16:45",AXISBANK,170648,569.55
232351,"2018-02-07 09:16:45",ITC,503896,276.4
232352,"2018-02-07 09:16:45",JINDALSTEL,329971,260.5
232353,"2018-02-07 09:16:45",MARUTI,21868,9132
232354,"2018-02-07 09:16:46",IDFCBANK,180571,52.2
232355,"2018-02-07 09:16:47",LT,70029,1363.1
232356,"2018-02-07 09:16:48",KOTAKBANK,1553898,1038.1
232357,"2018-02-07 09:16:51",RELIANCE,261129,900.75
232358,"2018-02-07 09:16:53",AXISBANK,172615,569.5
232359,"2018-02-07 09:16:54",HDIL,337216,52.2
232360,"2018-02-07 09:16:54",LT,71431,1364.3
232361,"2018-02-07 09:16:55",ITC,514569,276.25
232362,"2018-02-07 09:16:55",INFY,141040,1111.5
232363,"2018-02-07 09:16:57",MARUTI,23011,9125.8
232364,"2018-02-07 09:16:58",JINDALSTEL,347400,260.15
232365,"2018-02-07 09:17:00",RELIANCE,271026,900.6
232366,"2018-02-07 09:17:00",ITC,527886,276.2
232367,"2018-02-07 09:17:03",ICICIBANK,289433,334.9
232368,"2018-02-07 09:17:03",KOTAKBANK,1555119,1038.4
232369,"2018-02-07 09:17:03",RELIANCE,288547,898.65
232370,"2018-02-07 09:17:07",AXISBANK,174401,569.65
232371,"2018-02-07 09:17:07",HDFCBANK,40237,1888
232372,"2018-02-07 09:17:11",IDFCBANK,207988,52.3
232373,"2018-02-07 09:17:12",KOTAKBANK,1556763,1038.3
232374,"2018-02-07 09:17:12",RELIANCE,297514,899.15
232375,"2018-02-07 09:17:13",MARUTI,23870,9123.7
232376,"2018-02-07 09:17:15",AXISBANK,182593,569.25
232377,"2018-02-07 09:17:15",KOTAKBANK,1557078,1038.9
232378,"2018-02-07 09:17:16",RELIANCE,311663,898.45
232379,"2018-02-07 09:17:18",HDFC,138799,1794.25
232380,"2018-02-07 09:17:18",SBIN,621663,296.7
232381,"2018-02-07 09:17:18",HDIL,360023,52.25
232382,"2018-02-07 09:17:19",HDIL,394701,52.25
232383,"2018-02-07 09:17:21",IDFCBANK,219238,52.35
232384,"2018-02-07 09:17:21",LT,77269,1363.9
232385,"2018-02-07 09:17:24",HDFCBANK,43219,1889
232386,"2018-02-07 09:17:25",AXISBANK,184270,569.15
232387,"2018-02-07 09:17:25",ICICIBANK,343056,335.15
232388,"2018-02-07 09:17:26",INFY,154428,1115.55
232389,"2018-02-07 09:17:28",RELIANCE,322101,899.55
232390,"2018-02-07 09:17:31",JINDALSTEL,436897,260
232391,"2018-02-07 09:17:31",SBIN,633569,296.75
232392,"2018-02-07 09:17:32",KOTAKBANK,1558318,1038.9
232393,"2018-02-07 09:17:32",ITC,573581,276.65
232394,"2018-02-07 09:17:33",JINDALSTEL,443497,259.7
232395,"2018-02-07 09:17:33",INFY,156071,1115.9
232396,"2018-02-07 09:17:35",MARUTI,27608,9126.1
232397,"2018-02-07 09:17:35",IDFCBANK,227869,52.4
232398,"2018-02-07 09:17:36",KOTAKBANK,1559921,1040
232399,"2018-02-07 09:17:36",HDFCBANK,44174,1891.05
232400,"2018-02-07 09:17:37",AXISBANK,199497,568.95
232401,"2018-02-07 09:17:38",AXISBANK,205482,569.1
232402,"2018-02-07 09:17:40",MARUTI,27979,9121
232403,"2018-02-07 09:17:41",RELIANCE,335948,900.8
232404,"2018-02-07 09:17:42",ICICIBANK,354145,335.5
232405,"2018-02-07 09:17:43",SBIN,661676,297
232406,"2018-02-07 09:17:44",HDFCBANK,44714,1891.8
232407,"2018-02-07 09:17:46",JINDALSTEL,484868,259.65
232408,"2018-02-07 09:17:46",INFY,156871,1115.8
232409,"2018-02-07 09:17:47",ITC,579591,276.85
232410,"2018-02-07 09:17:47",KOTAKBANK,1563545,1040
232411,"2018-02-07 09:17:49",IDFCBANK,241749,52.4
232412,"2018-02-07 09:17:52",HDFC,148625,1793.3
232413,"2018-02-07 09:17:57",HDIL,463383,52.25
232414,"2018-02-07 09:17:58",SBIN,704871,297.4
232415,"2018-02-07 09:18:01",HDFCBANK,46467,1892.4
232416,"2018-02-07 09:18:02",JINDALSTEL,496819,260.2
232417,"2018-02-07 09:18:02",RELIANCE,348366,901.4
232418,"2018-02-07 09:18:02",ICICIBANK,360836,335.85
232419,"2018-02-07 09:18:04",ICICIBANK,363526,335.7
232420,"2018-02-07 09:18:04",IDFCBANK,265663,52.4
232421,"2018-02-07 09:18:05",HDFCBANK,47309,1891.2
232422,"2018-02-07 09:18:06",HDIL,488145,52.2
232423,"2018-02-07 09:18:07",AXISBANK,214538,569.75
232424,"2018-02-07 09:18:07",JINDALSTEL,514794,260.8
232425,"2018-02-07 09:18:09",ITC,626865,276.55
232426,"2018-02-07 09:18:09",RELIANCE,359751,902.05
232427,"2018-02-07 09:18:09",ICICIBANK,365876,335.8
232428,"2018-02-07 09:18:10",HDFCBANK,47452,1891.3
232429,"2018-02-07 09:18:10",JINDALSTEL,516894,260.65
232430,"2018-02-07 09:18:12",AXISBANK,215146,569.4
232431,"2018-02-07 09:18:13",LT,90350,1367.75
232432,"2018-02-07 09:18:14",HDFC,157486,1792.9
232433,"2018-02-07 09:18:14",HDIL,494639,52.2
232434,"2018-02-07 09:18:15",AXISBANK,217329,569.15
232435,"2018-02-07 09:18:15",KOTAKBANK,1573362,1039.95
232436,"2018-02-07 09:18:17",ITC,632604,276.45
232437,"2018-02-07 09:18:18",HDFC,158245,1792.4
232438,"2018-02-07 09:18:18",JINDALSTEL,521874,260.9
232439,"2018-02-07 09:18:19",HDFCBANK,47990,1891
232440,"2018-02-07 09:18:20",ICICIBANK,373713,335.5
232441,"2018-02-07 09:18:22",MARUTI,31304,9132.3
232442,"2018-02-07 09:18:22",AXISBANK,226098,569.45
232443,"2018-02-07 09:18:23",INFY,169306,1113.85
232444,"2018-02-07 09:18:24",HDFC,160132,1790.2
232445,"2018-02-07 09:18:24",RELIANCE,374185,902.95
232446,"2018-02-07 09:18:24",ITC,645555,276.2
232447,"2018-02-07 09:18:26",JINDALSTEL,525416,260.5
232448,"2018-02-07 09:18:28",LT,97782,1366.2
232449,"2018-02-07 09:18:28",MARUTI,31516,9135
232450,"2018-02-07 09:18:30",JINDALSTEL,547089,260.9
232451,"2018-02-07 09:18:31",KOTAKBANK,1574956,1038.8
232452,"2018-02-07 09:18:32",AXISBANK,231722,569.5
232453,"2018-02-07 09:18:33",HDIL,513755,52.15
232454,"2018-02-07 09:18:33",IDFCBANK,295124,52.4
232455,"2018-02-07 09:18:34",INFY,170844,1113.3
232456,"2018-02-07 09:18:34",SBIN,786689,297.1
232457,"2018-02-07 09:18:38",LT,98779,1366.95
232458,"2018-02-07 09:18:38",LT,101339,1367.6
232459,"2018-02-07 09:18:39",JINDALSTEL,560221,260.8
232460,"2018-02-07 09:18:40",IDFCBANK,297573,52.4
232461,"2018-02-07 09:18:40",SBIN,841106,297.1
232462,"2018-02-07 09:18:41",AXISBANK,234198,569.05
232463,"2018-02-07 09:18:43",ICICIBANK,401406,334.55
232464,"2018-02-07 09:18:44",RELIANCE,394842,902.5
232465,"2018-02-07 09:18:44",HDFC,162320,1790.25
232466,"2018-02-07 09:18:45",AXISBANK,234796,568.8
232467,"2018-02-07 09:18:46",LT,102555,1367.9
232468,"2018-02-07 09:18:46",JINDALSTEL,609530,261.1
232469,"2018-02-07 09:18:48",HDFC,165827,1789.05
232470,"2018-02-07 09:18:50",ICICIBANK,406410,334.65
232471,"2018-02-07 09:18:52",SBIN,865744,297
232472,"2018-02-07 09:18:54",MARUTI,33089,9136
232473,"2018-02-07 09:18:54",HDFC,170531,1788.15
232474,"2018-02-07 09:18:54",INFY,183586,1111
232475,"2018-02-07 09:18:54",KOTAKBANK,1586506,1039.3
232476,"2018-02-07 09:18:55",HDFCBANK,60740,1890.9
232477,"2018-02-07 09:18:56",JINDALSTEL,616982,261
232478,"2018-02-07 09:18:57",ICICIBANK,408469,334.85
232479,"2018-02-07 09:18:58",RELIANCE,409443,902.5
232480,"2018-02-07 09:18:58",AXISBANK,238217,568.8
232481,"2018-02-07 09:18:59",LT,104020,1367.9
232482,"2018-02-07 09:18:59",IDFCBANK,316202,52.35
232483,"2018-02-07 09:19:00",KOTAKBANK,1591430,1039.25
232484,"2018-02-07 09:19:01",ITC,689161,276.1
232485,"2018-02-07 09:19:02",INFY,187481,1112.3
232486,"2018-02-07 09:19:03",AXISBANK,240765,568.7
232487,"2018-02-07 09:19:03",MARUTI,34042,9136.9
232488,"2018-02-07 09:19:05",HDFCBANK,64913,1891
232489,"2018-02-07 09:19:06",LT,105130,1367.75
232490,"2018-02-07 09:19:07",SBIN,893678,296.9
232491,"2018-02-07 09:19:07",JINDALSTEL,629437,260.85
232492,"2018-02-07 09:19:07",ICICIBANK,409201,334.85
232493,"2018-02-07 09:19:09",HDFCBANK,66071,1891
232494,"2018-02-07 09:19:10",KOTAKBANK,1595337,1039.7
232495,"2018-02-07 09:19:10",INFY,189605,1111.75
232496,"2018-02-07 09:19:12",HDIL,577918,52.25
232497,"2018-02-07 09:19:12",RELIANCE,425141,902.5
232498,"2018-02-07 09:19:12",SBIN,919365,296.85
232499,"2018-02-07 09:19:13",AXISBANK,243225,568.65
232500,"2018-02-07 09:19:14",MARUTI,35043,9138.8
232501,"2018-02-07 09:19:16",LT,106224,1368.55
232502,"2018-02-07 09:19:18",AXISBANK,247554,568.75
232503,"2018-02-07 09:19:18",MARUTI,35294,9139
232504,"2018-02-07 09:19:18",ITC,710529,276
232505,"2018-02-07 09:19:21",KOTAKBANK,1595987,1040
232506,"2018-02-07 09:19:21",RELIANCE,437887,902.45
232507,"2018-02-07 09:19:22",HDFC,182719,1789
232508,"2018-02-07 09:19:23",LT,107638,1367.8
232509,"2018-02-07 09:19:23",INFY,190113,1111.5
232510,"2018-02-07 09:19:25",SBIN,931417,296.65
232511,"2018-02-07 09:19:25",JINDALSTEL,647199,261.1
232512,"2018-02-07 09:19:25",ICICIBANK,429434,334.95
232513,"2018-02-07 09:19:26",IDFCBANK,323205,52.35
232514,"2018-02-07 09:19:27",HDFCBANK,68950,1891.35
232515,"2018-02-07 09:19:27",MARUTI,35418,9139.65
232516,"2018-02-07 09:19:28",AXISBANK,249571,568.75
232517,"2018-02-07 09:19:29",HDIL,590115,52.15
232518,"2018-02-07 09:19:29",HDFC,188363,1788.9
232519,"2018-02-07 09:19:33",JINDALSTEL,661051,261.25
232520,"2018-02-07 09:19:33",JINDALSTEL,676707,261.5
232521,"2018-02-07 09:19:34",AXISBANK,251755,569.15
232522,"2018-02-07 09:19:35",LT,110332,1367.25
232523,"2018-02-07 09:19:35",HDFCBANK,69593,1892.4
232524,"2018-02-07 09:19:37",HDIL,608481,52.15
232525,"2018-02-07 09:19:39",ITC,731546,275.65
232526,"2018-02-07 09:19:39",KOTAKBANK,1612695,1040
232527,"2018-02-07 09:19:40",SBIN,994619,296.85
232528,"2018-02-07 09:19:41",KOTAKBANK,1615177,1040.95
232529,"2018-02-07 09:19:43",AXISBANK,262581,568.6
232530,"2018-02-07 09:19:43",JINDALSTEL,686308,261.2
232531,"2018-02-07 09:19:43",ITC,740602,275.8
232532,"2018-02-07 09:19:45",INFY,200644,1111
232533,"2018-02-07 09:19:47",HDIL,615182,52.15
232534,"2018-02-07 09:19:47",ICICIBANK,449216,334.9
232535,"2018-02-07 09:19:49",SBIN,1010628,296.9
232536,"2018-02-07 09:19:51",LT,112657,1366.75
232537,"2018-02-07 09:19:54",IDFCBANK,338456,52.3
232538,"2018-02-07 09:19:55",HDFCBANK,71915,1892
232539,"2018-02-07 09:19:55",MARUTI,36892,9136.05
232540,"2018-02-07 09:20:00",AXISBANK,291481,568.75
232541,"2018-02-07 09:20:00",RELIANCE,465010,902
232542,"2018-02-07 09:20:02",INFY,207508,1111.45
232543,"2018-02-07 09:20:04",IDFCBANK,346804,52.3
232544,"2018-02-07 09:20:05",HDFCBANK,74543,1892
232545,"2018-02-07 09:20:05",HDFC,195829,1788.75
232546,"2018-02-07 09:20:06",HDFCBANK,74699,1892
232547,"2018-02-07 09:20:06",AXISBANK,301236,568.9
232548,"2018-02-07 09:20:08",MARUTI,37989,9122
232549,"2018-02-07 09:20:08",ICICIBANK,460769,334.7
232550,"2018-02-07 09:20:09",LT,116873,1366.4
232551,"2018-02-07 09:20:09",HDFCBANK,74799,1892
232552,"2018-02-07 09:20:10",HDFC,196017,1788.75
232553,"2018-02-07 09:20:13",SBIN,1063837,297
232554,"2018-02-07 09:20:13",KOTAKBANK,1617415,1040.75
232555,"2018-02-07 09:20:14",INFY,208606,1111
232556,"2018-02-07 09:20:14",RELIANCE,479049,902.1
232557,"2018-02-07 09:20:15",AXISBANK,311013,568.05
232558,"2018-02-07 09:20:18",HDIL,644979,52.15
232559,"2018-02-07 09:20:18",ITC,775014,275.7
232560,"2018-02-07 09:20:19",HDFC,196777,1789
232561,"2018-02-07 09:20:20",HDFCBANK,78450,1892.95
232562,"2018-02-07 09:20:22",LT,117831,1366.65
232563,"2018-02-07 09:20:24",INFY,212378,1110.15
232564,"2018-02-07 09:20:24",JINDALSTEL,760116,260.8
232565,"2018-02-07 09:20:24",ICICIBANK,471870,334.4
232566,"2018-02-07 09:20:26",AXISBANK,317752,568.25
232567,"2018-02-07 09:20:26",HDFC,198297,1788.45
232568,"2018-02-07 09:20:26",ITC,778775,275.7
232569,"2018-02-07 09:20:28",MARUTI,39047,9113.65
232570,"2018-02-07 09:20:30",HDIL,650128,52.15
232571,"2018-02-07 09:20:30",KOTAKBANK,1618653,1040
232572,"2018-02-07 09:20:30",HDFCBANK,79621,1893.1
232573,"2018-02-07 09:20:32",IDFCBANK,357093,52.3
232574,"2018-02-07 09:20:32",AXISBANK,320027,568.15
232575,"2018-02-07 09:20:32",INFY,217071,1109.4
232576,"2018-02-07 09:20:32",ITC,786689,275.65
232577,"2018-02-07 09:20:33",RELIANCE,516393,901.7
232578,"2018-02-07 09:20:34",KOTAKBANK,1620152,1039.6
232579,"2018-02-07 09:20:37",JINDALSTEL,775039,260.65
232580,"2018-02-07 09:20:39",HDFCBANK,84031,1893.6
232581,"2018-02-07 09:20:40",AXISBANK,329714,568.2
232582,"2018-02-07 09:20:42",RELIANCE,518470,901.95
232583,"2018-02-07 09:20:43",MARUTI,40270,9107.25
232584,"2018-02-07 09:20:45",SBIN,1153880,297.1
232585,"2018-02-07 09:20:45",IDFCBANK,360959,52.3
232586,"2018-02-07 09:20:47",HDIL,679060,52.15
232587,"2018-02-07 09:20:47",KOTAKBANK,1623541,1040.9
232588,"2018-02-07 09:20:48",HDIL,687793,52.15
232589,"2018-02-07 09:20:49",ITC,815883,275.25
232590,"2018-02-07 09:20:49",INFY,228807,1110
232591,"2018-02-07 09:20:50",AXISBANK,333392,568.15
232592,"2018-02-07 09:20:51",HDFCBANK,84659,1893.6
232593,"2018-02-07 09:20:51",RELIANCE,522310,902.3
232594,"2018-02-07 09:20:55",JINDALSTEL,792934,261.15
232595,"2018-02-07 09:20:55",JINDALSTEL,823293,260.95
232596,"2018-02-07 09:20:55",AXISBANK,338693,567.75
232597,"2018-02-07 09:20:55",LT,128620,1367
232598,"2018-02-07 09:20:56",HDFC,205946,1788.8
232599,"2018-02-07 09:20:56",IDFCBANK,368979,52.3
232600,"2018-02-07 09:20:57",KOTAKBANK,1624482,1040.75
232601,"2018-02-07 09:20:59",INFY,230663,1109.4
232602,"2018-02-07 09:20:59",ICICIBANK,488910,334.45
232603,"2018-02-07 09:21:03",HDIL,739316,52.25
232604,"2018-02-07 09:21:03",KOTAKBANK,1625422,1040.15
232605,"2018-02-07 09:21:04",LT,129583,1367.95
232606,"2018-02-07 09:21:04",IDFCBANK,369870,52.3
232607,"2018-02-07 09:21:05",AXISBANK,350252,568.15
232608,"2018-02-07 09:21:05",RELIANCE,534583,902.45
232609,"2018-02-07 09:21:06",ICICIBANK,493064,334.45
232610,"2018-02-07 09:21:07",MARUTI,41171,9111.9
232611,"2018-02-07 09:21:08",ITC,836476,275.6
232612,"2018-02-07 09:21:11",AXISBANK,355930,567.9
232613,"2018-02-07 09:21:12",INFY,243190,1109.55
232614,"2018-02-07 09:21:13",KOTAKBANK,1625738,1040.75
232615,"2018-02-07 09:21:13",HDIL,766822,52.3
232616,"2018-02-07 09:21:14",SBIN,1254059,297.75
232617,"2018-02-07 09:21:15",LT,132265,1367.3
232618,"2018-02-07 09:21:15",ICICIBANK,494089,334.5
232619,"2018-02-07 09:21:17",RELIANCE,536273,902.45
232620,"2018-02-07 09:21:17",ITC,840157,275.6
232621,"2018-02-07 09:21:19",HDFCBANK,86771,1893.7
232622,"2018-02-07 09:21:19",HDFC,218695,1791.5
232623,"2018-02-07 09:21:19",ITC,848641,275.6
232624,"2018-02-07 09:21:21",AXISBANK,359100,567.7
232625,"2018-02-07 09:21:22",LT,133247,1367.9
232626,"2018-02-07 09:21:23",KOTAKBANK,1629113,1042.5
232627,"2018-02-07 09:21:24",MARUTI,42834,9112
232628,"2018-02-07 09:21:26",RELIANCE,539457,902.65
232629,"2018-02-07 09:21:27",KOTAKBANK,1632365,1042.7
232630,"2018-02-07 09:21:27",AXISBANK,364350,567.85
232631,"2018-02-07 09:21:28",INFY,246279,1109.4
232632,"2018-02-07 09:21:29",SBIN,1328803,297.7
232633,"2018-02-07 09:21:31",HDIL,798595,52.3
232634,"2018-02-07 09:21:31",LT,135185,1367.85
232635,"2018-02-07 09:21:32",HDFC,220765,1792.35
232636,"2018-02-07 09:21:33",ICICIBANK,499744,334.9
232637,"2018-02-07 09:21:34",HDFC,221648,1792.15
232638,"2018-02-07 09:21:35",AXISBANK,367717,567.75
232639,"2018-02-07 09:21:36",LT,136328,1367.6
232640,"2018-02-07 09:21:37",ITC,858873,275.65
232641,"2018-02-07 09:21:37",KOTAKBANK,1635671,1043.5
232642,"2018-02-07 09:21:37",ICICIBANK,500204,334.95
232643,"2018-02-07 09:21:41",SBIN,1337385,297.7
232644,"2018-02-07 09:21:41",IDFCBANK,378909,52.4
232645,"2018-02-07 09:21:42",JINDALSTEL,878135,261.85
232646,"2018-02-07 09:21:42",AXISBANK,377618,568.3
232647,"2018-02-07 09:21:44",HDFC,226052,1793.3
232648,"2018-02-07 09:21:45",MARUTI,44492,9115
232649,"2018-02-07 09:21:46",KOTAKBANK,1639478,1045
232650,"2018-02-07 09:21:46",HDFCBANK,91412,1894.8
232651,"2018-02-07 09:21:47",LT,139362,1367.4
232652,"2018-02-07 09:21:49",HDIL,807414,52.3
232653,"2018-02-07 09:21:50",SBIN,1392471,297.55
232654,"2018-02-07 09:21:51",INFY,249282,1108.5
232655,"2018-02-07 09:21:56",JINDALSTEL,881565,261.75
232656,"2018-02-07 09:21:59",MARUTI,44986,9115.85
232657,"2018-02-07 09:21:59",HDIL,821900,52.35
232658,"2018-02-07 09:22:00",AXISBANK,388467,567.3
232659,"2018-02-07 09:22:00",ICICIBANK,512684,334.8
232660,"2018-02-07 09:22:01",HDFC,230774,1794.85
232661,"2018-02-07 09:22:01",RELIANCE,561063,903.85
232662,"2018-02-07 09:22:05",HDFCBANK,92454,1895.45
232663,"2018-02-07 09:22:05",ITC,875393,276.1
232664,"2018-02-07 09:22:06",INFY,254609,1108.85
232665,"2018-02-07 09:22:08",KOTAKBANK,1645225,1043.65
232666,"2018-02-07 09:22:10",ITC,888510,276
232667,"2018-02-07 09:22:10",AXISBANK,397618,567.65
232668,"2018-02-07 09:22:11",MARUTI,45412,9118
232669,"2018-02-07 09:22:16",AXISBANK,405405,567.8
232670,"2018-02-07 09:22:16",HDIL,837583,52.3
232671,"2018-02-07 09:22:18",KOTAKBANK,1645978,1043.55
232672,"2018-02-07 09:22:19",ICICIBANK,521207,334.85
232673,"2018-02-07 09:22:20",SBIN,1453257,297.65
232674,"2018-02-07 09:22:21",MARUTI,46015,9120
232675,"2018-02-07 09:22:21",HDFC,233877,1794.05
232676,"2018-02-07 09:22:21",HDFCBANK,95551,1894.35
232677,"2018-02-07 09:22:22",INFY,256519,1108
232678,"2018-02-07 09:22:23",AXISBANK,410383,567.8
232679,"2018-02-07 09:22:24",LT,146745,1367
232680,"2018-02-07 09:22:25",MARUTI,46838,9121.35
232681,"2018-02-07 09:22:25",KOTAKBANK,1647571,1043.15
232682,"2018-02-07 09:22:25",SBIN,1483565,297.65
232683,"2018-02-07 09:22:26",IDFCBANK,467872,52.25
232684,"2018-02-07 09:22:29",RELIANCE,572625,903.2
232685,"2018-02-07 09:22:31",ITC,899429,276.35
232686,"2018-02-07 09:22:33",AXISBANK,414051,567.95
232687,"2018-02-07 09:22:34",RELIANCE,582418,903.4
232688,"2018-02-07 09:22:36",HDIL,842928,52.2
232689,"2018-02-07 09:22:36",KOTAKBANK,1653172,1044.25
232690,"2018-02-07 09:22:37",LT,147168,1366.95
232691,"2018-02-07 09:22:39",JINDALSTEL,1023401,262.25
232692,"2018-02-07 09:22:40",AXISBANK,416072,568
232693,"2018-02-07 09:22:41",RELIANCE,584480,903.2
232694,"2018-02-07 09:22:41",SBIN,1520565,297.75
232695,"2018-02-07 09:22:43",LT,147869,1368.2
232696,"2018-02-07 09:22:44",ITC,921282,276.4
232697,"2018-02-07 09:22:45",HDFC,241786,1794
232698,"2018-02-07 09:22:45",HDFCBANK,97467,1893
232699,"2018-02-07 09:22:45",INFY,260309,1107.85
232700,"2018-02-07 09:22:46",SBIN,1551727,297.6
232701,"2018-02-07 09:22:47",AXISBANK,424280,568.4
232702,"2018-02-07 09:22:48",HDFCBANK,98450,1893
232703,"2018-02-07 09:22:50",ITC,940406,276.1
232704,"2018-02-07 09:22:50",HDFC,242597,1793.85
232705,"2018-02-07 09:22:53",MARUTI,48044,9129.4
232706,"2018-02-07 09:22:56",MARUTI,48290,9128.9
232707,"2018-02-07 09:22:57",LT,149637,1367.4
232708,"2018-02-07 09:22:58",AXISBANK,426022,568.3
232709,"2018-02-07 09:22:59",INFY,267584,1109.25
232710,"2018-02-07 09:22:59",HDIL,856229,52.2
232711,"2018-02-07 09:22:59",ICICIBANK,544158,334.95
232712,"2018-02-07 09:23:01",KOTAKBANK,1655764,1045
232713,"2018-02-07 09:23:03",JINDALSTEL,1041524,261.85
232714,"2018-02-07 09:23:04",LT,150192,1367.75
232715,"2018-02-07 09:23:04",SBIN,1592951,297.7
232716,"2018-02-07 09:23:05",HDFCBANK,99087,1893.7
232717,"2018-02-07 09:23:05",AXISBANK,451746,569.15
232718,"2018-02-07 09:23:08",KOTAKBANK,1658011,1043.9
232719,"2018-02-07 09:23:09",ICICIBANK,577754,335
232720,"2018-02-07 09:23:09",INFY,268457,1108.5
232721,"2018-02-07 09:23:12",AXISBANK,455473,569.2
232722,"2018-02-07 09:23:12",HDFC,253157,1793.85
232723,"2018-02-07 09:23:13",LT,151593,1367.25
232724,"2018-02-07 09:23:13",HDFCBANK,99414,1893.95
232725,"2018-02-07 09:23:14",IDFCBANK,517140,52.4
232726,"2018-02-07 09:23:14",ITC,964235,276
232727,"2018-02-07 09:23:14",ICICIBANK,578965,335
232728,"2018-02-07 09:23:17",INFY,269349,1108.5
232729,"2018-02-07 09:23:19",JINDALSTEL,1064738,261.35
232730,"2018-02-07 09:23:19",HDIL,876861,52.3
232731,"2018-02-07 09:23:20",LT,153071,1368.35
232732,"2018-02-07 09:23:22",SBIN,1648090,297.55
232733,"2018-02-07 09:23:22",INFY,270592,1109.3
232734,"2018-02-07 09:23:23",AXISBANK,478583,569.85
232735,"2018-02-07 09:23:23",ITC,968561,276.1
232736,"2018-02-07 09:23:24",RELIANCE,607466,903.3
232737,"2018-02-07 09:23:28",IDFCBANK,517150,52.35
232738,"2018-02-07 09:23:28",INFY,271812,1109.4
232739,"2018-02-07 09:23:28",HDFC,255073,1793.4
232740,"2018-02-07 09:23:29",JINDALSTEL,1079631,261.4
232741,"2018-02-07 09:23:31",ITC,971539,276.15
232742,"2018-02-07 09:23:31",AXISBANK,483793,569.6
232743,"2018-02-07 09:23:33",HDIL,880095,52.35
232744,"2018-02-07 09:23:33",HDFCBANK,100030,1893.4
232745,"2018-02-07 09:23:33",RELIANCE,610371,903.4
232746,"2018-02-07 09:23:34",KOTAKBANK,1660732,1044.9
232747,"2018-02-07 09:23:35",INFY,273309,1109
232748,"2018-02-07 09:23:35",HDFC,258542,1792.95
232749,"2018-02-07 09:23:36",AXISBANK,492211,569.5
232750,"2018-02-07 09:23:37",JINDALSTEL,1090278,261.25
232751,"2018-02-07 09:23:38",LT,155683,1368.75
232752,"2018-02-07 09:23:40",KOTAKBANK,1661185,1044.95
232753,"2018-02-07 09:23:41",ITC,978477,276.05
232754,"2018-02-07 09:23:42",HDFCBANK,100734,1892.6
232755,"2018-02-07 09:23:42",SBIN,1693200,297.35
232756,"2018-02-07 09:23:44",ITC,983879,276.05
232757,"2018-02-07 09:23:44",AXISBANK,502054,569.65
232758,"2018-02-07 09:23:46",INFY,274314,1109.2
232759,"2018-02-07 09:23:46",HDFCBANK,101827,1892.5
232760,"2018-02-07 09:23:46",MARUTI,50395,9129.75
232761,"2018-02-07 09:23:46",KOTAKBANK,1663079,1044.6
232762,"2018-02-07 09:23:47",HDFC,259315,1791.5
232763,"2018-02-07 09:23:48",JINDALSTEL,1099781,261.1
232764,"2018-02-07 09:23:50",IDFCBANK,543422,52.3
232765,"2018-02-07 09:23:51",ICICIBANK,593897,334.9
232766,"2018-02-07 09:23:55",HDIL,889801,52.3
232767,"2018-02-07 09:23:58",HDFC,264790,1792.25
232768,"2018-02-07 09:23:59",HDFCBANK,103241,1892.7
232769,"2018-02-07 09:24:00",HDIL,901722,52.25
232770,"2018-02-07 09:24:01",AXISBANK,518099,569.85
232771,"2018-02-07 09:24:02",INFY,278076,1109
232772,"2018-02-07 09:24:03",KOTAKBANK,1664676,1045.05
232773,"2018-02-07 09:24:03",ITC,998790,276
232774,"2018-02-07 09:24:04",ICICIBANK,601032,335
232775,"2018-02-07 09:24:06",INFY,280057,1108.95
232776,"2018-02-07 09:24:06",JINDALSTEL,1119523,261
232777,"2018-02-07 09:24:07",MARUTI,51125,9126.55
232778,"2018-02-07 09:24:07",INFY,280197,1109.05
232779,"2018-02-07 09:24:08",ICICIBANK,601707,335
232780,"2018-02-07 09:24:08",AXISBANK,519669,569.6
232781,"2018-02-07 09:24:09",HDIL,903979,52.3
232782,"2018-02-07 09:24:10",HDFC,265435,1792
232783,"2018-02-07 09:24:10",KOTAKBANK,1665036,1044.95
232784,"2018-02-07 09:24:11",IDFCBANK,554423,52.2
232785,"2018-02-07 09:24:12",JINDALSTEL,1119723,261
232786,"2018-02-07 09:24:12",SBIN,1767922,297.5
232787,"2018-02-07 09:24:16",KOTAKBANK,1667772,1045.9
232788,"2018-02-07 09:24:16",AXISBANK,525718,569.55
232789,"2018-02-07 09:24:16",MARUTI,51360,9128.15
232790,"2018-02-07 09:24:16",SBIN,1783063,297.3
232791,"2018-02-07 09:24:16",HDFC,268451,1791.35
232792,"2018-02-07 09:24:20",RELIANCE,626945,902.45
232793,"2018-02-07 09:24:21",IDFCBANK,554433,52.2
232794,"2018-02-07 09:24:21",JINDALSTEL,1135843,261.3
232795,"2018-02-07 09:24:22",AXISBANK,532663,568.95
232796,"2018-02-07 09:24:26",ICICIBANK,605963,334.85
232797,"2018-02-07 09:24:26",HDFCBANK,105384,1892
232798,"2018-02-07 09:24:26",KOTAKBANK,1668179,1046.25
232799,"2018-02-07 09:24:28",JINDALSTEL,1143341,261.35
232800,"2018-02-07 09:24:31",LT,162920,1366.5
232801,"2018-02-07 09:24:31",IDFCBANK,563853,52.15
232802,"2018-02-07 09:24:31",RELIANCE,627874,902.25
232803,"2018-02-07 09:24:31",HDIL,908664,52.3
232804,"2018-02-07 09:24:32",JINDALSTEL,1148108,261.15
232805,"2018-02-07 09:24:33",AXISBANK,535088,568.75
232806,"2018-02-07 09:24:34",IDFCBANK,565118,52.2
232807,"2018-02-07 09:24:35",RELIANCE,639520,901.6
232808,"2018-02-07 09:24:36",ITC,1012078,275.9
232809,"2018-02-07 09:24:36",SBIN,1813672,297.2
232810,"2018-02-07 09:24:37",AXISBANK,539835,568.3
232811,"2018-02-07 09:24:40",ICICIBANK,612502,334.9
232812,"2018-02-07 09:24:41",KOTAKBANK,1679797,1048.3
232813,"2018-02-07 09:24:41",ITC,1019788,275.6
232814,"2018-02-07 09:24:41",IDFCBANK,566078,52.25
232815,"2018-02-07 09:24:41",SBIN,1822051,297.3
232816,"2018-02-07 09:24:42",HDIL,923341,52.2
232817,"2018-02-07 09:24:45",MARUTI,52343,9130.7
232818,"2018-02-07 09:24:46",HDFCBANK,106278,1892.3
232819,"2018-02-07 09:24:47",RELIANCE,644126,901.6
232820,"2018-02-07 09:24:49",AXISBANK,543489,568
232821,"2018-02-07 09:24:49",JINDALSTEL,1157573,261.15
232822,"2018-02-07 09:24:50",INFY,283584,1109.55
232823,"2018-02-07 09:24:51",HDIL,931440,52.3
232824,"2018-02-07 09:24:51",ITC,1021995,275.65
232825,"2018-02-07 09:24:53",HDFC,278926,1790.8
232826,"2018-02-07 09:24:56",HDFCBANK,107076,1891.55
232827,"2018-02-07 09:24:57",HDFC,280432,1791.2
232828,"2018-02-07 09:24:57",IDFCBANK,583934,52.2
232829,"2018-02-07 09:24:59",KOTAKBANK,1686386,1048
232830,"2018-02-07 09:25:01",JINDALSTEL,1159371,260.9
232831,"2018-02-07 09:25:02",HDIL,932240,52.25
232832,"2018-02-07 09:25:02",AXISBANK,553383,568.4
232833,"2018-02-07 09:25:02",RELIANCE,649792,902
232834,"2018-02-07 09:25:05",JINDALSTEL,1181380,260.25
232835,"2018-02-07 09:25:05",MARUTI,53224,9129.45
232836,"2018-02-07 09:25:06",ICICIBANK,616423,334.85
232837,"2018-02-07 09:25:06",HDIL,934115,52.3
232838,"2018-02-07 09:25:06",RELIANCE,652759,901.65
232839,"2018-02-07 09:25:06",LT,166842,1365.6
232840,"2018-02-07 09:25:07",AXISBANK,556064,568.65
232841,"2018-02-07 09:25:10",INFY,285442,1109.05
232842,"2018-02-07 09:25:12",IDFCBANK,585740,52.2
232843,"2018-02-07 09:25:12",HDFCBANK,109838,1892
232844,"2018-02-07 09:25:12",MARUTI,53588,9126
232845,"2018-02-07 09:25:14",INFY,285886,1109.2
232846,"2018-02-07 09:25:16",IDFCBANK,599534,52.15
232847,"2018-02-07 09:25:16",JINDALSTEL,1196107,260.2
232848,"2018-02-07 09:25:17",AXISBANK,557465,568.35
232849,"2018-02-07 09:25:17",ICICIBANK,618774,334.95
232850,"2018-02-07 09:25:17",HDFCBANK,111031,1891.45
232851,"2018-02-07 09:25:18",LT,174675,1364.15
232852,"2018-02-07 09:25:21",AXISBANK,559765,568.2
232853,"2018-02-07 09:25:22",MARUTI,54074,9121
232854,"2018-02-07 09:25:22",IDFCBANK,604517,52.2
232855,"2018-02-07 09:25:22",KOTAKBANK,1692641,1049.85
232856,"2018-02-07 09:25:22",ICICIBANK,620862,334.85
232857,"2018-02-07 09:25:22",HDFCBANK,111717,1891.45
232858,"2018-02-07 09:25:25",INFY,289119,1108.95
232859,"2018-02-07 09:25:26",RELIANCE,658079,901.65
232860,"2018-02-07 09:25:28",RELIANCE,662044,901.5
232861,"2018-02-07 09:25:29",AXISBANK,563911,568.6
232862,"2018-02-07 09:25:30",IDFCBANK,624222,52.1
232863,"2018-02-07 09:25:30",LT,174839,1363.95
232864,"2018-02-07 09:25:30",HDFC,290267,1790.1
232865,"2018-02-07 09:25:31",ITC,1054626,275.55
232866,"2018-02-07 09:25:32",KOTAKBANK,1692896,1049.1
232867,"2018-02-07 09:25:34",SBIN,1908750,296.8
232868,"2018-02-07 09:25:35",HDIL,941482,52.2
232869,"2018-02-07 09:25:36",JINDALSTEL,1214674,259.85
232870,"2018-02-07 09:25:37",RELIANCE,682917,901.05
232871,"2018-02-07 09:25:38",AXISBANK,564168,568.4
232872,"2018-02-07 09:25:39",KOTAKBANK,1699791,1049
232873,"2018-02-07 09:25:39",SBIN,1934522,296.85
232874,"2018-02-07 09:25:41",MARUTI,54278,9124.85
232875,"2018-02-07 09:25:44",INFY,290104,1108.95
232876,"2018-02-07 09:25:45",ITC,1057517,275.6
232877,"2018-02-07 09:25:45",AXISBANK,564977,568.4
232878,"2018-02-07 09:25:45",HDFC,292019,1790
232879,"2018-02-07 09:25:47",LT,181704,1362.6
232880,"2018-02-07 09:25:49",RELIANCE,692955,901.1
232881,"2018-02-07 09:25:50",IDFCBANK,650507,52.1
232882,"2018-02-07 09:25:53",INFY,292006,1109.45
232883,"2018-02-07 09:25:55",KOTAKBANK,1700424,1049
232884,"2018-02-07 09:25:55",JINDALSTEL,1226329,260
232885,"2018-02-07 09:25:55",HDIL,961282,52.1
232886,"2018-02-07 09:25:56",AXISBANK,568127,568.25
232887,"2018-02-07 09:25:57",HDIL,968365,52.15
232888,"2018-02-07 09:25:59",INFY,294591,1110.5
232889,"2018-02-07 09:25:59",RELIANCE,700227,901.5
232890,"2018-02-07 09:26:00",ICICIBANK,626639,334.7
232891,"2018-02-07 09:26:01",HDFC,294517,1789.05
232892,"2018-02-07 09:26:02",RELIANCE,701695,901.6
232893,"2018-02-07 09:26:03",AXISBANK,569606,568.2
232894,"2018-02-07 09:26:04",JINDALSTEL,1234475,260.15
232895,"2018-02-07 09:26:04",MARUTI,54871,9125.2
232896,"2018-02-07 09:26:05",ITC,1064192,275.6
232897,"2018-02-07 09:26:05",LT,185492,1363.25
232898,"2018-02-07 09:26:06",SBIN,1973914,296.95
232899,"2018-02-07 09:26:08",HDFC,296775,1788.85
232900,"2018-02-07 09:26:08",ICICIBANK,633884,334.7
232901,"2018-02-07 09:26:08",AXISBANK,570084,568.2
232902,"2018-02-07 09:26:09",MARUTI,55008,9125.55
232903,"2018-02-07 09:26:10",INFY,295663,1111
232904,"2018-02-07 09:26:13",KOTAKBANK,1703525,1049.55
232905,"2018-02-07 09:26:14",AXISBANK,578128,568.8
232906,"2018-02-07 09:26:15",ICICIBANK,635070,334.6
232907,"2018-02-07 09:26:16",HDFCBANK,117017,1891.35
232908,"2018-02-07 09:26:18",JINDALSTEL,1239778,260.5
232909,"2018-02-07 09:26:18",HDIL,974857,52.15
232910,"2018-02-07 09:26:18",SBIN,1980852,296.95
232911,"2018-02-07 09:26:20",MARUTI,55088,9129.4
232912,"2018-02-07 09:26:22",IDFCBANK,720296,52.15
232913,"2018-02-07 09:26:23",HDFCBANK,118151,1890.45
232914,"2018-02-07 09:26:24",SBIN,2005949,296.6
232915,"2018-02-07 09:26:25",AXISBANK,582917,568.2
232916,"2018-02-07 09:26:25",JINDALSTEL,1245028,260.3
232917,"2018-02-07 09:26:25",RELIANCE,714507,902.3
232918,"2018-02-07 09:26:26",KOTAKBANK,1718536,1049.4
232919,"2018-02-07 09:26:29",HDFC,299692,1788.7
232920,"2018-02-07 09:26:30",HDIL,984188,52.25
232921,"2018-02-07 09:26:31",HDIL,991310,52.2
232922,"2018-02-07 09:26:32",SBIN,2025660,296.5
232923,"2018-02-07 09:26:33",INFY,298970,1111.4
232924,"2018-02-07 09:26:34",MARUTI,55498,9125.4
232925,"2018-02-07 09:26:34",AXISBANK,591145,567.5
232926,"2018-02-07 09:26:35",ITC,1088245,275.75
232927,"2018-02-07 09:26:35",JINDALSTEL,1249128,260.1
232928,"2018-02-07 09:26:39",HDFCBANK,118629,1890.45
232929,"2018-02-07 09:26:40",MARUTI,55742,9123
232930,"2018-02-07 09:26:41",JINDALSTEL,1249878,260.2
232931,"2018-02-07 09:26:42",SBIN,2035034,296.45
232932,"2018-02-07 09:26:43",HDFC,310247,1788.9
232933,"2018-02-07 09:26:45",IDFCBANK,728827,52.05
232934,"2018-02-07 09:26:45",ITC,1089229,275.65
232935,"2018-02-07 09:26:45",LT,189063,1363
232936,"2018-02-07 09:26:47",HDIL,997964,52.15
232937,"2018-02-07 09:26:48",LT,189810,1361.6
232938,"2018-02-07 09:26:49",AXISBANK,597799,567.7
232939,"2018-02-07 09:26:53",INFY,303269,1111.15
232940,"2018-02-07 09:26:55",MARUTI,56149,9126.35
232941,"2018-02-07 09:26:55",IDFCBANK,840687,52
232942,"2018-02-07 09:26:56",IDFCBANK,909949,52.05
232943,"2018-02-07 09:26:56",INFY,305225,1111
232944,"2018-02-07 09:26:58",HDIL,1004043,52.2
232945,"2018-02-07 09:26:58",HDFCBANK,122420,1889
232946,"2018-02-07 09:26:58",AXISBANK,602449,567.35
232947,"2018-02-07 09:26:59",ITC,1095353,275.65
232948,"2018-02-07 09:27:00",LT,191510,1360.85
232949,"2018-02-07 09:27:04",MARUTI,56419,9125
232950,"2018-02-07 09:27:04",HDFCBANK,122575,1888
232951,"2018-02-07 09:27:04",HDFC,311361,1787.55
232952,"2018-02-07 09:27:05",AXISBANK,603838,567.5
232953,"2018-02-07 09:27:09",MARUTI,57274,9123.05
232954,"2018-02-07 09:27:09",ICICIBANK,666275,334.55
232955,"2018-02-07 09:27:12",HDFC,314062,1787
232956,"2018-02-07 09:27:12",INFY,307339,1110.8
232957,"2018-02-07 09:27:12",KOTAKBANK,1721221,1047.75
232958,"2018-02-07 09:27:15",AXISBANK,605804,567.55
232959,"2018-02-07 09:27:16",HDIL,1173030,52.05
232960,"2018-02-07 09:27:18",HDFCBANK,123354,1887.75
232961,"2018-02-07 09:27:18",ITC,1105663,275.6
232962,"2018-02-07 09:27:19",INFY,308497,1110.6
232963,"2018-02-07 09:27:21",LT,203183,1359.45
232964,"2018-02-07 09:27:22",KOTAKBANK,1728381,1047.25
232965,"2018-02-07 09:27:24",AXISBANK,612575,567.65
232966,"2018-02-07 09:27:26",JINDALSTEL,1290034,259.15
232967,"2018-02-07 09:27:28",SBIN,2137687,296.1
232968,"2018-02-07 09:27:32",JINDALSTEL,1296724,259.45
232969,"2018-02-07 09:27:33",SBIN,2142655,296.3
232970,"2018-02-07 09:27:33",HDFCBANK,124067,1888.1
232971,"2018-02-07 09:27:34",INFY,312190,1109.55
232972,"2018-02-07 09:27:35",KOTAKBANK,1729208,1047.2
232973,"2018-02-07 09:27:38",AXISBANK,618946,567.25
232974,"2018-02-07 09:27:39",HDFC,323662,1782.45
232975,"2018-02-07 09:27:40",IDFCBANK,985931,51.95
232976,"2018-02-07 09:27:42",LT,209651,1360
232977,"2018-02-07 09:27:43",ITC,1120485,275.45
232978,"2018-02-07 09:27:46",MARUTI,62542,9088.05
232979,"2018-02-07 09:27:46",AXISBANK,622907,567.05
232980,"2018-02-07 09:27:48",IDFCBANK,997012,51.9
232981,"2018-02-07 09:27:48",SBIN,2193729,296.05
232982,"2018-02-07 09:27:50",JINDALSTEL,1304141,259.7
232983,"2018-02-07 09:27:50",LT,213768,1360.3
232984,"2018-02-07 09:27:53",HDIL,1192412,51.9
232985,"2018-02-07 09:27:56",ITC,1134389,275.45
232986,"2018-02-07 09:27:56",HDFCBANK,129168,1886.8
232987,"2018-02-07 09:28:01",AXISBANK,638034,567.25
232988,"2018-02-07 09:28:03",HDIL,1202899,51.95
232989,"2018-02-07 09:28:03",HDFC,338780,1782.6
232990,"2018-02-07 09:28:04",MARUTI,63922,9097.45
232991,"2018-02-07 09:28:05",RELIANCE,774370,901.6
232992,"2018-02-07 09:28:08",AXISBANK,639340,567.2
232993,"2018-02-07 09:28:09",AXISBANK,644933,567.45
232994,"2018-02-07 09:28:10",IDFCBANK,1016135,52
232995,"2018-02-07 09:28:10",LT,216391,1362
232996,"2018-02-07 09:28:11",INFY,318434,1109.05
232997,"2018-02-07 09:28:12",HDFCBANK,130989,1887.25
232998,"2018-02-07 09:28:14",KOTAKBANK,1742085,1045.8
232999,"2018-02-07 09:28:18",RELIANCE,780130,901
233000,"2018-02-07 09:28:18",AXISBANK,648107,567.4
233001,"2018-02-07 09:28:19",MARUTI,64925,9107.75
233002,"2018-02-07 09:28:21",INFY,319528,1108.65
233003,"2018-02-07 09:28:22",HDFC,342882,1782.95
233004,"2018-02-07 09:28:25",JINDALSTEL,1315672,260.2
233005,"2018-02-07 09:28:25",ICICIBANK,715315,334.8
233006,"2018-02-07 09:28:25",INFY,320082,1108.7
233007,"2018-02-07 09:28:28",IDFCBANK,1021279,52.05
233008,"2018-02-07 09:28:31",AXISBANK,648390,567.3
233009,"2018-02-07 09:28:31",SBIN,2299765,295.75
233010,"2018-02-07 09:28:31",ICICIBANK,718659,334.9
233011,"2018-02-07 09:28:32",RELIANCE,786255,901.15
233012,"2018-02-07 09:28:32",HDFC,344579,1784.4
233013,"2018-02-07 09:28:34",IDFCBANK,1025259,52.05
233014,"2018-02-07 09:28:35",SBIN,2307808,295.75
233015,"2018-02-07 09:28:35",AXISBANK,654785,567.05
233016,"2018-02-07 09:28:38",ICICIBANK,719586,334.8
233017,"2018-02-07 09:28:38",HDIL,1231899,52
233018,"2018-02-07 09:28:41",HDFCBANK,132658,1887.5
233019,"2018-02-07 09:28:43",AXISBANK,661604,567.05
233020,"2018-02-07 09:28:43",LT,219321,1362.25
233021,"2018-02-07 09:28:44",JINDALSTEL,1332941,260.3
233022,"2018-02-07 09:28:45",KOTAKBANK,1745126,1046
233023,"2018-02-07 09:28:45",IDFCBANK,1026859,52.1
233024,"2018-02-07 09:28:47",HDIL,1235304,52
233025,"2018-02-07 09:28:49",AXISBANK,664880,567.4
233026,"2018-02-07 09:28:50",INFY,325740,1108.4
233027,"2018-02-07 09:28:51",KOTAKBANK,1746681,1045.65
233028,"2018-02-07 09:28:52",ITC,1173375,276.4
233029,"2018-02-07 09:28:53",HDFC,349147,1784.25
233030,"2018-02-07 09:28:54",HDIL,1239559,52
233031,"2018-02-07 09:28:57",IDFCBANK,1037278,52.05
233032,"2018-02-07 09:28:59",MARUTI,67758,9091.3
233033,"2018-02-07 09:28:59",AXISBANK,672077,567.15
233034,"2018-02-07 09:29:02",HDFC,349565,1783.45
233035,"2018-02-07 09:29:06",INFY,328163,1108.15
233036,"2018-02-07 09:29:08",ITC,1178327,276.3
233037,"2018-02-07 09:29:09",MARUTI,68137,9082.5
233038,"2018-02-07 09:29:11",HDFCBANK,136235,1885.1
233039,"2018-02-07 09:29:11",INFY,328647,1108.05
233040,"2018-02-07 09:29:12",RELIANCE,821750,900.9
233041,"2018-02-07 09:29:15",ITC,1180418,276.35
233042,"2018-02-07 09:29:17",AXISBANK,686620,566.75
233043,"2018-02-07 09:29:19",JINDALSTEL,1351261,260
233044,"2018-02-07 09:29:19",MARUTI,69248,9085
233045,"2018-02-07 09:29:22",HDFCBANK,140498,1884.2
233046,"2018-02-07 09:29:23",AXISBANK,688718,567
233047,"2018-02-07 09:29:25",IDFCBANK,1071814,52.05
233048,"2018-02-07 09:29:28",ICICIBANK,786212,334.5
233049,"2018-02-07 09:29:28",HDFC,356427,1783.45
233050,"2018-02-07 09:29:31",ITC,1183419,276.4
233051,"2018-02-07 09:29:33",KOTAKBANK,1751363,1043.25
233052,"2018-02-07 09:29:35",HDFCBANK,142950,1884.75
233053,"2018-02-07 09:29:36",MARUTI,69716,9089.2
233054,"2018-02-07 09:29:37",RELIANCE,832848,901.1
233055,"2018-02-07 09:29:37",AXISBANK,692865,566.9
233056,"2018-02-07 09:29:41",HDIL,1271820,52
233057,"2018-02-07 09:29:42",HDFCBANK,143322,1884.55
233058,"2018-02-07 09:29:43",MARUTI,70397,9095.9
233059,"2018-02-07 09:29:43",AXISBANK,694607,567.05
233060,"2018-02-07 09:29:44",LT,225134,1361.65
233061,"2018-02-07 09:29:44",ITC,1186506,276.4
233062,"2018-02-07 09:29:51",JINDALSTEL,1364746,260.85
233063,"2018-02-07 09:29:51",HDIL,1302461,52
233064,"2018-02-07 09:29:51",INFY,345388,1107.75
233065,"2018-02-07 09:29:53",AXISBANK,697163,567.5
233066,"2018-02-07 09:29:57",IDFCBANK,1082812,52.15
233067,"2018-02-07 09:30:00",SBIN,2413384,295.65
233068,"2018-02-07 09:30:02",HDFC,367207,1782.6
233069,"2018-02-07 09:30:05",AXISBANK,698779,567.6
233070,"2018-02-07 09:30:06",RELIANCE,840362,901.65
233071,"2018-02-07 09:30:07",SBIN,2430447,295.7
233072,"2018-02-07 09:30:07",INFY,349057,1107.8
233073,"2018-02-07 09:30:08",ICICIBANK,807471,334.75
233074,"2018-02-07 09:30:09",AXISBANK,711627,568
233075,"2018-02-07 09:30:12",IDFCBANK,1087782,52.15
233076,"2018-02-07 09:30:14",HDFC,369068,1782.3
233077,"2018-02-07 09:30:15",LT,227551,1365.35
233078,"2018-02-07 09:30:15",RELIANCE,843963,901.65
233079,"2018-02-07 09:30:20",ITC,1210875,276.6
233080,"2018-02-07 09:30:21",AXISBANK,715345,568.15
233081,"2018-02-07 09:30:22",HDIL,1320376,52
233082,"2018-02-07 09:30:24",SBIN,2451579,295.9
233083,"2018-02-07 09:30:24",HDFCBANK,146357,1887.25
233084,"2018-02-07 09:30:26",AXISBANK,738890,568
233085,"2018-02-07 09:30:29",MARUTI,72287,9100
233086,"2018-02-07 09:30:30",HDFCBANK,147115,1885.35
233087,"2018-02-07 09:30:30",SBIN,2458140,295.7
233088,"2018-02-07 09:30:31",KOTAKBANK,1757055,1044
233089,"2018-02-07 09:30:31",IDFCBANK,1091277,52.15
233090,"2018-02-07 09:30:33",HDFCBANK,148108,1884.55
233091,"2018-02-07 09:30:37",AXISBANK,749759,568.05
233092,"2018-02-07 09:30:38",IDFCBANK,1112482,52.05
233093,"2018-02-07 09:30:38",KOTAKBANK,1758238,1044.4
233094,"2018-02-07 09:30:38",JINDALSTEL,1393639,260.85
233095,"2018-02-07 09:30:44",KOTAKBANK,1759070,1043.85
233096,"2018-02-07 09:30:45",MARUTI,73200,9100
233097,"2018-02-07 09:30:46",ITC,1227123,276.5
233098,"2018-02-07 09:30:46",JINDALSTEL,1398946,260.8
233099,"2018-02-07 09:30:47",AXISBANK,757957,567.65
233100,"2018-02-07 09:30:47",IDFCBANK,1116776,52.05
233101,"2018-02-07 09:30:51",LT,234375,1365
233102,"2018-02-07 09:30:52",JINDALSTEL,1405925,260.8
233103,"2018-02-07 09:30:53",AXISBANK,759600,567.75
233104,"2018-02-07 09:30:55",RELIANCE,851190,901.35
233105,"2018-02-07 09:30:58",HDIL,1342207,51.95
233106,"2018-02-07 09:30:59",AXISBANK,761140,567.7
233107,"2018-02-07 09:31:00",IDFCBANK,1142578,52.05
233108,"2018-02-07 09:31:01",KOTAKBANK,1759294,1043.85
233109,"2018-02-07 09:31:07",AXISBANK,761727,567.7
233110,"2018-02-07 09:31:08",ITC,1317705,276.5
233111,"2018-02-07 09:31:08",ICICIBANK,878688,334.2
233112,"2018-02-07 09:31:08",KOTAKBANK,1759443,1044
233113,"2018-02-07 09:31:13",LT,235108,1364.75
233114,"2018-02-07 09:31:15",SBIN,2503471,295.5
233115,"2018-02-07 09:31:16",HDIL,1366538,51.85
233116,"2018-02-07 09:31:16",ITC,1320370,276.45
233117,"2018-02-07 09:31:16",INFY,359559,1108.8
233118,"2018-02-07 09:31:21",ICICIBANK,880037,334.2
233119,"2018-02-07 09:31:24",IDFCBANK,1160902,52.1
233120,"2018-02-07 09:31:24",AXISBANK,766189,568
233121,"2018-02-07 09:31:24",AXISBANK,762246,567.8
233122,"2018-02-07 09:31:28",HDIL,1374583,51.85
233123,"2018-02-07 09:31:32",AXISBANK,766189,568
233124,"2018-02-07 09:31:32",IDFCBANK,1177107,52.1
233125,"2018-02-07 09:31:33",HDFC,432087,1772.2
233126,"2018-02-07 09:31:38",AXISBANK,773672,568
233127,"2018-02-07 09:31:39",JINDALSTEL,1430907,260.6
233128,"2018-02-07 09:31:40",IDFCBANK,1179112,52.1
233129,"2018-02-07 09:31:40",LT,238098,1364
233130,"2018-02-07 09:31:41",SBIN,2523585,295.4
233131,"2018-02-07 09:31:44",HDIL,1385989,51.95
233132,"2018-02-07 09:31:47",HDFC,437277,1771.5
233133,"2018-02-07 09:31:48",ICICIBANK,890407,334.15
233134,"2018-02-07 09:31:48",AXISBANK,787456,568.2
233135,"2018-02-07 09:31:49",RELIANCE,861679,901.3
233136,"2018-02-07 09:31:52",ITC,1330871,276.15
233137,"2018-02-07 09:31:56",LT,238467,1363.25
233138,"2018-02-07 09:31:56",INFY,364257,1109.2
233139,"2018-02-07 09:31:56",SBIN,2526825,295.65
233140,"2018-02-07 09:31:59",HDFC,438033,1771.3
233141,"2018-02-07 09:32:03",SBIN,2534939,295.45
233142,"2018-02-07 09:32:04",LT,238852,1363.5
233143,"2018-02-07 09:32:04",AXISBANK,791715,568.4
233144,"2018-02-07 09:32:04",ITC,1335748,276.05
233145,"2018-02-07 09:32:05",JINDALSTEL,1437102,260.85
233146,"2018-02-07 09:32:05",KOTAKBANK,1766348,1045.35
233147,"2018-02-07 09:32:08",MARUTI,76919,9093.7
233148,"2018-02-07 09:32:11",AXISBANK,793045,568.6
233149,"2018-02-07 09:32:12",HDIL,1431054,51.85
233150,"2018-02-07 09:32:12",ICICIBANK,919567,334.05
233151,"2018-02-07 09:32:12",LT,239106,1363.5
233152,"2018-02-07 09:32:17",AXISBANK,795225,568.7
233153,"2018-02-07 09:32:19",MARUTI,77045,9098.95
233154,"2018-02-07 09:32:21",IDFCBANK,1219773,52.15
233155,"2018-02-07 09:32:26",AXISBANK,809571,568.05
233156,"2018-02-07 09:32:27",KOTAKBANK,1790900,1046
233157,"2018-02-07 09:32:28",INFY,379903,1108.3
233158,"2018-02-07 09:32:29",LT,239784,1363.5
233159,"2018-02-07 09:32:29",ITC,1352765,275.85
233160,"2018-02-07 09:32:35",JINDALSTEL,1477314,261.15
233161,"2018-02-07 09:32:35",AXISBANK,813497,568.7
233162,"2018-02-07 09:32:37",INFY,380060,1108.7
233163,"2018-02-07 09:32:37",ICICIBANK,928629,334.25
233164,"2018-02-07 09:32:42",HDFCBANK,156982,1883.4
233165,"2018-02-07 09:32:43",MARUTI,77611,9094.8
233166,"2018-02-07 09:32:44",AXISBANK,816938,568.5
233167,"2018-02-07 09:32:44",KOTAKBANK,1795085,1047.25
233168,"2018-02-07 09:32:45",LT,241239,1363.3
233169,"2018-02-07 09:32:50",AXISBANK,817422,568.65
233170,"2018-02-07 09:32:51",HDFC,459665,1771.6
233171,"2018-02-07 09:32:51",ITC,1360109,275.8
233172,"2018-02-07 09:32:52",JINDALSTEL,1491694,261.25
233173,"2018-02-07 09:32:52",INFY,381791,1108.75
233174,"2018-02-07 09:32:52",KOTAKBANK,1796246,1047.95
233175,"2018-02-07 09:32:58",MARUTI,77850,9093.15
233176,"2018-02-07 09:32:59",ITC,1361535,275.8
233177,"2018-02-07 09:33:00",IDFCBANK,1235494,52.2
233178,"2018-02-07 09:33:00",IDFCBANK,1234308,52.15
233179,"2018-02-07 09:33:00",SBIN,2586879,295.8
233180,"2018-02-07 09:33:00",IDFCBANK,1235494,52.2
233181,"2018-02-07 09:33:01",AXISBANK,824750,569.2
233182,"2018-02-07 09:33:06",HDFCBANK,158449,1883.95
233183,"2018-02-07 09:33:07",MARUTI,77929,9093.55
233184,"2018-02-07 09:33:08",ITC,1369342,276
233185,"2018-02-07 09:33:08",AXISBANK,827444,569.5
233186,"2018-02-07 09:33:08",IDFCBANK,1236015,52.2
233187,"2018-02-07 09:33:09",HDFC,463872,1774.3
233188,"2018-02-07 09:33:15",HDFC,468420,1775
233189,"2018-02-07 09:33:15",HDIL,1848924,51.95
233190,"2018-02-07 09:33:15",HDFCBANK,160353,1884.1
233191,"2018-02-07 09:33:15",AXISBANK,833818,569.5
233192,"2018-02-07 09:33:22",IDFCBANK,1250535,52.2
233193,"2018-02-07 09:33:22",KOTAKBANK,1797432,1047.65
233194,"2018-02-07 09:33:22",JINDALSTEL,1511272,261.7
233195,"2018-02-07 09:33:26",HDFC,470349,1775.3
233196,"2018-02-07 09:33:28",AXISBANK,836595,569.6
233197,"2018-02-07 09:33:28",MARUTI,78213,9093.05
233198,"2018-02-07 09:33:29",INFY,386151,1109
233199,"2018-02-07 09:33:29",ICICIBANK,938156,334.05
233200,"2018-02-07 09:33:29",HDFCBANK,160847,1884.25
233201,"2018-02-07 09:33:31",HDIL,2213621,51.85
233202,"2018-02-07 09:33:32",ITC,1376883,275.8
233203,"2018-02-07 09:33:33",ICICIBANK,938846,334.1
233204,"2018-02-07 09:33:35",AXISBANK,846461,570.05
233205,"2018-02-07 09:33:35",MARUTI,78487,9096.7
233206,"2018-02-07 09:33:36",RELIANCE,911770,901.75
233207,"2018-02-07 09:33:38",HDIL,2221789,51.9
233208,"2018-02-07 09:33:38",HDFCBANK,163450,1885.15
233209,"2018-02-07 09:33:40",AXISBANK,855536,570.15
233210,"2018-02-07 09:33:41",RELIANCE,912858,901.75
233211,"2018-02-07 09:33:42",IDFCBANK,1252792,52.2
233212,"2018-02-07 09:33:42",MARUTI,78676,9095
233213,"2018-02-07 09:33:47",RELIANCE,914498,902.25
233214,"2018-02-07 09:33:48",ITC,1383892,275.95
233215,"2018-02-07 09:33:49",AXISBANK,867679,570.35
233216,"2018-02-07 09:33:49",SBIN,2616613,296.1
233217,"2018-02-07 09:33:50",LT,244722,1364
233218,"2018-02-07 09:34:01",ICICIBANK,959166,333.9
233219,"2018-02-07 09:34:02",AXISBANK,883297,570.45
233220,"2018-02-07 09:34:02",IDFCBANK,1265776,52.25
233221,"2018-02-07 09:34:05",AXISBANK,885646,570.65
233222,"2018-02-07 09:34:08",INFY,391229,1109.3
233223,"2018-02-07 09:34:09",LT,246862,1364
233224,"2018-02-07 09:34:09",KOTAKBANK,1801981,1046.55
233225,"2018-02-07 09:34:09",AXISBANK,888012,570.6
233226,"2018-02-07 09:34:09",KOTAKBANK,1801996,1047
233227,"2018-02-07 09:34:15",HDIL,2236261,52
233228,"2018-02-07 09:34:15",ICICIBANK,959453,333.85
233229,"2018-02-07 09:34:15",SBIN,2631986,296.15
233230,"2018-02-07 09:34:16",RELIANCE,920342,901.8
233231,"2018-02-07 09:34:18",HDFCBANK,165680,1885.95
233232,"2018-02-07 09:34:21",JINDALSTEL,1534743,261.8
233233,"2018-02-07 09:34:22",AXISBANK,905795,571.4
233234,"2018-02-07 09:34:22",HDFC,485078,1776.2
233235,"2018-02-07 09:34:24",AXISBANK,908850,571
233236,"2018-02-07 09:34:27",SBIN,2649383,295.95
233237,"2018-02-07 09:34:29",HDIL,2264712,52
233238,"2018-02-07 09:34:30",KOTAKBANK,1803495,1047.35
233239,"2018-02-07 09:34:30",HDFCBANK,166117,1885.95
233240,"2018-02-07 09:34:33",LT,250156,1362.5
233241,"2018-02-07 09:34:34",AXISBANK,911708,570.85
233242,"2018-02-07 09:34:36",MARUTI,80094,9092
233243,"2018-02-07 09:34:36",HDIL,2277541,52
233244,"2018-02-07 09:34:36",JINDALSTEL,1541487,261.3
233245,"2018-02-07 09:34:37",SBIN,2652568,295.9
233246,"2018-02-07 09:34:40",RELIANCE,924317,901.45
233247,"2018-02-07 09:34:42",JINDALSTEL,1542947,261.3
233248,"2018-02-07 09:34:43",SBIN,2659034,295.95
233249,"2018-02-07 09:34:43",IDFCBANK,1317395,52.2
233250,"2018-02-07 09:34:43",AXISBANK,925002,571.35
233251,"2018-02-07 09:34:49",AXISBANK,930614,571.75
233252,"2018-02-07 09:34:49",HDIL,2288202,52
233253,"2018-02-07 09:34:50",RELIANCE,926778,901.5
233254,"2018-02-07 09:34:56",MARUTI,80519,9092
233255,"2018-02-07 09:34:56",HDIL,2320531,52.05
233256,"2018-02-07 09:34:58",KOTAKBANK,1805145,1046.85
233257,"2018-02-07 09:35:01",INFY,402275,1108.4
233258,"2018-02-07 09:35:02",HDFC,503796,1777.9
233259,"2018-02-07 09:35:03",AXISBANK,938230,571.2
233260,"2018-02-07 09:35:08",LT,254997,1364.45
233261,"2018-02-07 09:35:08",AXISBANK,942472,571.3
233262,"2018-02-07 09:35:10",SBIN,2665305,296
233263,"2018-02-07 09:35:10",HDIL,2333678,52.15
233264,"2018-02-07 09:35:11",ITC,1472255,276.1
233265,"2018-02-07 09:35:11",IDFCBANK,1327429,52.25
233266,"2018-02-07 09:35:13",RELIANCE,935033,901.95
233267,"2018-02-07 09:35:16",ICICIBANK,986848,333.5
233268,"2018-02-07 09:35:17",AXISBANK,948114,571.2
233269,"2018-02-07 09:35:17",LT,256009,1363
233270,"2018-02-07 09:35:18",IDFCBANK,1328706,52.2
233271,"2018-02-07 09:35:22",KOTAKBANK,1810005,1047
233272,"2018-02-07 09:35:23",INFY,404429,1108.55
233273,"2018-02-07 09:35:24",JINDALSTEL,1607962,262.9
233274,"2018-02-07 09:35:24",AXISBANK,954388,571.4
233275,"2018-02-07 09:35:26",LT,256850,1362.75
233276,"2018-02-07 09:35:29",MARUTI,81481,9093
233277,"2018-02-07 09:35:30",IDFCBANK,1343292,52.25
233278,"2018-02-07 09:35:30",AXISBANK,958809,571.5
233279,"2018-02-07 09:35:32",IDFCBANK,1344677,52.25
233280,"2018-02-07 09:35:36",HDFC,512831,1777.55
233281,"2018-02-07 09:35:37",HDFCBANK,171380,1885.55
233282,"2018-02-07 09:35:37",RELIANCE,939522,901.65
233283,"2018-02-07 09:35:37",SBIN,2676262,296
233284,"2018-02-07 09:35:38",LT,257927,1362.35
233285,"2018-02-07 09:35:42",INFY,406120,1108.95
233286,"2018-02-07 09:35:43",JINDALSTEL,1626327,262.5
233287,"2018-02-07 09:35:44",RELIANCE,940415,901.6
233288,"2018-02-07 09:35:45",ITC,1501511,275.9
233289,"2018-02-07 09:35:45",AXISBANK,961865,571.45
233290,"2018-02-07 09:35:48",AXISBANK,972819,571.45
233291,"2018-02-07 09:35:49",LT,259458,1364.7
233292,"2018-02-07 09:35:49",JINDALSTEL,1631201,262.45
233293,"2018-02-07 09:35:51",INFY,406504,1108.75
233294,"2018-02-07 09:35:54",RELIANCE,942094,902.05
233295,"2018-02-07 09:35:57",MARUTI,82024,9096.95
233296,"2018-02-07 09:35:57",HDIL,2664116,52.15
233297,"2018-02-07 09:35:57",ICICIBANK,1000110,333.55
233298,"2018-02-07 09:36:01",HDIL,2696205,52.1
233299,"2018-02-07 09:36:02",HDFCBANK,172841,1885.6
233300,"2018-02-07 09:36:02",AXISBANK,980182,571.1
233301,"2018-02-07 09:36:03",IDFCBANK,1354711,52.25
233302,"2018-02-07 09:36:06",HDIL,2711876,52.1
233303,"2018-02-07 09:36:07",AXISBANK,982358,571.2
233304,"2018-02-07 09:36:09",AXISBANK,984116,571.2
233305,"2018-02-07 09:36:10",SBIN,2691194,295.9
233306,"2018-02-07 09:36:11",MARUTI,82331,9096.9
233307,"2018-02-07 09:36:11",ICICIBANK,1005256,333.6
233308,"2018-02-07 09:36:13",LT,261759,1362.85
233309,"2018-02-07 09:36:17",INFY,410264,1108.35
233310,"2018-02-07 09:36:18",IDFCBANK,1355096,52.2
233311,"2018-02-07 09:36:20",HDIL,2728258,52.15
233312,"2018-02-07 09:36:21",HDFCBANK,173726,1885
233313,"2018-02-07 09:36:22",AXISBANK,987118,571.2
233314,"2018-02-07 09:36:23",KOTAKBANK,1814573,1045.7
233315,"2018-02-07 09:36:24",ITC,1523308,275.75
233316,"2018-02-07 09:36:26",JINDALSTEL,1651296,261.85
233317,"2018-02-07 09:36:27",ITC,1526377,275.75
233318,"2018-02-07 09:36:28",INFY,413003,1107.75
233319,"2018-02-07 09:36:29",JINDALSTEL,1653209,261.9
233320,"2018-02-07 09:36:30",HDIL,2868975,52.1
233321,"2018-02-07 09:36:32",AXISBANK,997111,570.6
233322,"2018-02-07 09:36:32",SBIN,2705323,295.65
233323,"2018-02-07 09:36:35",ITC,1526878,275.7
233324,"2018-02-07 09:36:36",MARUTI,83176,9094.95
233325,"2018-02-07 09:36:36",LT,267080,1363.1
233326,"2018-02-07 09:36:38",AXISBANK,1000787,570.75
233327,"2018-02-07 09:36:39",SBIN,2720883,295.55
233328,"2018-02-07 09:36:42",KOTAKBANK,1823362,1046.4
233329,"2018-02-07 09:36:43",AXISBANK,1002909,570.95
233330,"2018-02-07 09:36:43",MARUTI,83370,9095.7
233331,"2018-02-07 09:36:44",HDFCBANK,174624,1883.7
233332,"2018-02-07 09:36:45",ICICIBANK,1032500,333.2
233333,"2018-02-07 09:36:46",ITC,1527232,275.7
233334,"2018-02-07 09:36:46",HDIL,2895381,52.15
233335,"2018-02-07 09:36:49",AXISBANK,1007633,571.4
233336,"2018-02-07 09:36:50",ITC,1542669,275.85
233337,"2018-02-07 09:36:52",HDFCBANK,175628,1884.95
233338,"2018-02-07 09:36:52",LT,269672,1363.9
233339,"2018-02-07 09:36:52",RELIANCE,972974,901.1
233340,"2018-02-07 09:36:56",MARUTI,83511,9097.95
233341,"2018-02-07 09:36:58",ICICIBANK,1053045,333.3
233342,"2018-02-07 09:36:58",RELIANCE,975661,901
233343,"2018-02-07 09:36:59",AXISBANK,1014269,570.9
233344,"2018-02-07 09:36:59",JINDALSTEL,1670319,261.95
233345,"2018-02-07 09:37:04",MARUTI,84078,9100.2
233346,"2018-02-07 09:37:05",HDFC,536296,1773.65
233347,"2018-02-07 09:37:06",LT,270726,1363.75
233348,"2018-02-07 09:37:06",AXISBANK,1016563,571.1
233349,"2018-02-07 09:37:10",HDFC,538089,1773.35
233350,"2018-02-07 09:37:11",SBIN,2745707,295.6
233351,"2018-02-07 09:37:12",ITC,1553699,276.25
233352,"2018-02-07 09:37:13",MARUTI,84141,9101.8
233353,"2018-02-07 09:37:18",AXISBANK,1017474,571.15
233354,"2018-02-07 09:37:18",HDIL,3093112,52.1
233355,"2018-02-07 09:37:18",ICICIBANK,1056460,333.45
233356,"2018-02-07 09:37:19",MARUTI,84440,9098.75
233357,"2018-02-07 09:37:19",IDFCBANK,1422335,52.2
233358,"2018-02-07 09:37:19",ITC,1558727,276
233359,"2018-02-07 09:37:20",HDFCBANK,183092,1882.45
233360,"2018-02-07 09:37:24",AXISBANK,1021610,571.25
233361,"2018-02-07 09:37:25",SBIN,2764241,295.25
233362,"2018-02-07 09:37:26",JINDALSTEL,1679609,261.8
233363,"2018-02-07 09:37:27",HDFCBANK,184719,1881.85
233364,"2018-02-07 09:37:31",RELIANCE,984793,901.8
233365,"2018-02-07 09:37:32",AXISBANK,1021763,571.2
233366,"2018-02-07 09:37:33",HDFC,546936,1771.6
233367,"2018-02-07 09:37:34",IDFCBANK,1431401,52.25
233368,"2018-02-07 09:37:34",HDFCBANK,186586,1881.85
233369,"2018-02-07 09:37:34",JINDALSTEL,1679833,261.7
233370,"2018-02-07 09:37:37",SBIN,2802190,295.3
233371,"2018-02-07 09:37:40",IDFCBANK,1440755,52.15
233372,"2018-02-07 09:37:40",HDFCBANK,188016,1882.95
233373,"2018-02-07 09:37:40",ITC,1566036,275.9
233374,"2018-02-07 09:37:41",HDFC,549537,1772
233375,"2018-02-07 09:37:43",ICICIBANK,1060194,333.25
233376,"2018-02-07 09:37:45",INFY,433922,1108.95
233377,"2018-02-07 09:37:47",AXISBANK,1025353,571.15
233378,"2018-02-07 09:37:53",HDFCBANK,188955,1882.95
233379,"2018-02-07 09:37:54",KOTAKBANK,1827753,1046.7
233380,"2018-02-07 09:37:54",IDFCBANK,1443332,52.25
233381,"2018-02-07 09:38:00",SBIN,2806442,295.35
233382,"2018-02-07 09:38:00",INFY,440050,1109.25
233383,"2018-02-07 09:38:00",JINDALSTEL,1686989,261.9
233384,"2018-02-07 09:38:02",ICICIBANK,1078079,333.7
233385,"2018-02-07 09:38:05",LT,277690,1363.85
233386,"2018-02-07 09:38:06",JINDALSTEL,1687196,261.75
233387,"2018-02-07 09:38:08",IDFCBANK,1452897,52.25
233388,"2018-02-07 09:38:08",AXISBANK,1028762,571.1
233389,"2018-02-07 09:38:08",HDFC,552499,1774
233390,"2018-02-07 09:38:09",RELIANCE,993234,902
233391,"2018-02-07 09:38:10",AXISBANK,1029206,571.15
233392,"2018-02-07 09:38:12",MARUTI,86005,9103
233393,"2018-02-07 09:38:15",ITC,1581526,276.1
233394,"2018-02-07 09:38:16",MARUTI,86354,9108.85
233395,"2018-02-07 09:38:21",AXISBANK,1030277,571.15
233396,"2018-02-07 09:38:22",LT,279534,1362.3
233397,"2018-02-07 09:38:22",INFY,443427,1108.6
233398,"2018-02-07 09:38:23",IDFCBANK,1454439,52.25
233399,"2018-02-07 09:38:28",HDFC,557334,1773.9
233400,"2018-02-07 09:38:29",AXISBANK,1032025,571.1
233401,"2018-02-07 09:38:29",INFY,445989,1109.35
233402,"2018-02-07 09:38:29",IDFCBANK,1455819,52.25
233403,"2018-02-07 09:38:30",MARUTI,87121,9115.9
233404,"2018-02-07 09:38:30",HDFCBANK,191297,1882.8
233405,"2018-02-07 09:38:34",AXISBANK,1036247,571
233406,"2018-02-07 09:38:36",RELIANCE,998394,902.2
233407,"2018-02-07 09:38:36",IDFCBANK,1463700,52.25
233408,"2018-02-07 09:38:37",ITC,1599542,276.2
233409,"2018-02-07 09:38:41",AXISBANK,1037682,570.9
233410,"2018-02-07 09:38:41",SBIN,2846328,295.5
233411,"2018-02-07 09:38:42",LT,286544,1363.9
233412,"2018-02-07 09:38:43",INFY,446653,1109.4
233413,"2018-02-07 09:38:43",ICICIBANK,1093078,333.8
233414,"2018-02-07 09:38:49",ITC,1603525,276.25
233415,"2018-02-07 09:38:52",AXISBANK,1039145,570.95
233416,"2018-02-07 09:38:53",JINDALSTEL,1700799,262
233417,"2018-02-07 09:38:54",INFY,447181,1108.8
233418,"2018-02-07 09:38:54",RELIANCE,1006739,901.5
233419,"2018-02-07 09:38:55",KOTAKBANK,1833085,1046.95
233420,"2018-02-07 09:38:55",ITC,1605038,276.4
233421,"2018-02-07 09:38:56",IDFCBANK,1493496,52.4
233422,"2018-02-07 09:38:59",HDFC,561832,1773.9
233423,"2018-02-07 09:39:00",HDIL,3225271,52.15
233424,"2018-02-07 09:39:02",AXISBANK,1042754,570.55
233425,"2018-02-07 09:39:02",MARUTI,89170,9120
233426,"2018-02-07 09:39:04",KOTAKBANK,1833504,1046.35
233427,"2018-02-07 09:39:05",HDFCBANK,194375,1882.75
233428,"2018-02-07 09:39:08",AXISBANK,1046778,570.55
233429,"2018-02-07 09:39:08",ITC,1610330,276.4
233430,"2018-02-07 09:39:09",JINDALSTEL,1705386,261.75
233431,"2018-02-07 09:39:09",INFY,450624,1108.45
233432,"2018-02-07 09:39:11",RELIANCE,1017719,902
233433,"2018-02-07 09:39:14",HDFCBANK,195201,1882.9
233434,"2018-02-07 09:39:15",KOTAKBANK,1837204,1046.8
233435,"2018-02-07 09:39:15",AXISBANK,1052598,570.65
233436,"2018-02-07 09:39:16",SBIN,2860737,295.55
233437,"2018-02-07 09:39:20",MARUTI,89584,9125
233438,"2018-02-07 09:39:21",HDFC,564369,1774.8
233439,"2018-02-07 09:39:22",SBIN,2867937,295.8
233440,"2018-02-07 09:39:23",RELIANCE,1021355,901.85
233441,"2018-02-07 09:39:24",HDIL,3260729,52.05
233442,"2018-02-07 09:39:27",LT,291429,1364.5
233443,"2018-02-07 09:39:29",AXISBANK,1061001,570.9
233444,"2018-02-07 09:39:30",HDFC,564587,1774.1
233445,"2018-02-07 09:39:30",ICICIBANK,1165702,334.05
233446,"2018-02-07 09:39:32",HDFCBANK,195333,1882.95
233447,"2018-02-07 09:39:34",INFY,456521,1109.5
233448,"2018-02-07 09:39:36",SBIN,2873383,295.55
233449,"2018-02-07 09:39:36",AXISBANK,1065637,570.85
233450,"2018-02-07 09:39:37",KOTAKBANK,1837293,1046.5
233451,"2018-02-07 09:39:39",AXISBANK,1066476,570.9
233452,"2018-02-07 09:39:41",SBIN,2875987,295.55
233453,"2018-02-07 09:39:43",KOTAKBANK,1837334,1046.8
233454,"2018-02-07 09:39:43",MARUTI,90331,9124.8
233455,"2018-02-07 09:39:47",KOTAKBANK,1837939,1046.6
233456,"2018-02-07 09:39:48",ITC,1626880,276.35
233457,"2018-02-07 09:39:49",INFY,460223,1109.05
233458,"2018-02-07 09:39:49",AXISBANK,1067763,570.95
233459,"2018-02-07 09:39:50",SBIN,2880279,295.55
233460,"2018-02-07 09:39:53",HDFC,567892,1773.35
233461,"2018-02-07 09:39:56",RELIANCE,1023942,901.75
233462,"2018-02-07 09:39:57",JINDALSTEL,1740916,261.4
233463,"2018-02-07 09:40:02",INFY,461310,1110.05
233464,"2018-02-07 09:40:03",AXISBANK,1069388,571.25
233465,"2018-02-07 09:40:04",JINDALSTEL,1747613,261.4
233466,"2018-02-07 09:40:07",SBIN,2886918,295.75
233467,"2018-02-07 09:40:09",ITC,1641078,276.45
233468,"2018-02-07 09:40:10",AXISBANK,1071334,571.2
233469,"2018-02-07 09:40:11",ICICIBANK,1212087,334
233470,"2018-02-07 09:40:11",HDFC,571697,1775.2
233471,"2018-02-07 09:40:11",SBIN,2889727,295.6
233472,"2018-02-07 09:40:15",JINDALSTEL,1751285,261.4
233473,"2018-02-07 09:40:16",IDFCBANK,1547038,52.4
233474,"2018-02-07 09:40:17",MARUTI,91241,9123
233475,"2018-02-07 09:40:18",AXISBANK,1071660,571.2
233476,"2018-02-07 09:40:18",RELIANCE,1027879,901.3
233477,"2018-02-07 09:40:19",LT,296465,1363
233478,"2018-02-07 09:40:21",INFY,464354,1109.15
233479,"2018-02-07 09:40:25",KOTAKBANK,1840302,1047.3
233480,"2018-02-07 09:40:26",IDFCBANK,1547156,52.4
233481,"2018-02-07 09:40:28",RELIANCE,1034372,900.7
233482,"2018-02-07 09:40:29",ITC,1658693,276.4
233483,"2018-02-07 09:40:31",AXISBANK,1075878,571.25
233484,"2018-02-07 09:40:32",HDIL,3281983,52.05
233485,"2018-02-07 09:40:33",HDFC,573389,1775
233486,"2018-02-07 09:40:33",MARUTI,91600,9120.95
233487,"2018-02-07 09:40:33",KOTAKBANK,1841793,1046.8
233488,"2018-02-07 09:40:35",LT,297427,1362.2
233489,"2018-02-07 09:40:36",AXISBANK,1076843,571.25
233490,"2018-02-07 09:40:38",JINDALSTEL,1765773,261
233491,"2018-02-07 09:40:39",HDFC,574192,1774.9
233492,"2018-02-07 09:40:41",IDFCBANK,1567416,52.4
233493,"2018-02-07 09:40:41",ICICIBANK,1219193,333.95
233494,"2018-02-07 09:40:43",INFY,472546,1107.95
233495,"2018-02-07 09:40:43",ICICIBANK,1220119,334
233496,"2018-02-07 09:40:46",AXISBANK,1077666,571.15
233497,"2018-02-07 09:40:46",JINDALSTEL,1770059,261
233498,"2018-02-07 09:40:46",HDFC,574567,1774.65
233499,"2018-02-07 09:40:48",ITC,1664047,276.35
233500,"2018-02-07 09:40:50",ICICIBANK,1226601,334
233501,"2018-02-07 09:40:53",LT,299027,1362.35
233502,"2018-02-07 09:40:53",SBIN,2915436,295.55
233503,"2018-02-07 09:40:55",IDFCBANK,1579201,52.4
233504,"2018-02-07 09:40:55",HDFCBANK,197152,1882.75
233505,"2018-02-07 09:40:59",AXISBANK,1081413,571.05
233506,"2018-02-07 09:40:59",MARUTI,93156,9117.2
233507,"2018-02-07 09:41:00",ITC,1669046,276.35
233508,"2018-02-07 09:41:00",HDFC,576071,1774.15
233509,"2018-02-07 09:41:06",KOTAKBANK,1842575,1046.8
233510,"2018-02-07 09:41:06",HDIL,3317415,52
233511,"2018-02-07 09:41:07",INFY,474521,1109.9
233512,"2018-02-07 09:41:07",ICICIBANK,1227981,333.85
233513,"2018-02-07 09:41:09",AXISBANK,1081605,570.9
233514,"2018-02-07 09:41:12",HDFC,577365,1775.2
233515,"2018-02-07 09:41:13",HDIL,3318440,52
233516,"2018-02-07 09:41:15",KOTAKBANK,1842581,1047.35
233517,"2018-02-07 09:41:16",AXISBANK,1081760,570.95
233518,"2018-02-07 09:41:19",JINDALSTEL,1782194,260.75
233519,"2018-02-07 09:41:20",HDFC,578402,1775.45
233520,"2018-02-07 09:41:22",HDIL,3359740,52
233521,"2018-02-07 09:41:25",LT,299875,1362.1
233522,"2018-02-07 09:41:26",HDFCBANK,199171,1882
233523,"2018-02-07 09:41:27",AXISBANK,1086927,570.5
233524,"2018-02-07 09:41:29",INFY,478536,1108.9
233525,"2018-02-07 09:41:31",AXISBANK,1087216,570.5
233526,"2018-02-07 09:41:33",HDFCBANK,199825,1882.2
233527,"2018-02-07 09:41:34",RELIANCE,1054810,900.25
233528,"2018-02-07 09:41:36",SBIN,2961450,295.15
233529,"2018-02-07 09:41:38",AXISBANK,1088598,570.2
233530,"2018-02-07 09:41:39",RELIANCE,1056915,900.2
233531,"2018-02-07 09:41:41",INFY,480100,1108.9
233532,"2018-02-07 09:41:41",ICICIBANK,1238041,333.35
233533,"2018-02-07 09:41:45",MARUTI,94037,9122.9
233534,"2018-02-07 09:41:45",LT,302758,1361
233535,"2018-02-07 09:41:48",SBIN,2964586,295.1
233536,"2018-02-07 09:41:48",KOTAKBANK,1844797,1046.7
233537,"2018-02-07 09:41:49",IDFCBANK,1658706,52.2
233538,"2018-02-07 09:41:50",ICICIBANK,1238069,333.35
233539,"2018-02-07 09:41:53",AXISBANK,1090276,570.5
233540,"2018-02-07 09:41:55",HDIL,3367710,51.95
233541,"2018-02-07 09:41:56",JINDALSTEL,1805003,260.8
233542,"2018-02-07 09:41:57",INFY,480243,1108.5
233543,"2018-02-07 09:41:59",AXISBANK,1093493,570.3
233544,"2018-02-07 09:42:00",HDIL,3368537,51.95
233545,"2018-02-07 09:42:02",ICICIBANK,1241288,333.3
233546,"2018-02-07 09:42:03",LT,304681,1360.3
233547,"2018-02-07 09:42:03",MARUTI,94591,9119.8
233548,"2018-02-07 09:42:04",ITC,1697108,276
233549,"2018-02-07 09:42:06",AXISBANK,1094140,570.2
233550,"2018-02-07 09:42:09",INFY,483212,1108.25
233551,"2018-02-07 09:42:09",HDFC,588787,1775.1
233552,"2018-02-07 09:42:09",SBIN,3034850,295.15
233553,"2018-02-07 09:42:10",JINDALSTEL,1841337,259.9
233554,"2018-02-07 09:42:14",AXISBANK,1107460,569.85
233555,"2018-02-07 09:42:16",HDIL,3393241,51.85
233556,"2018-02-07 09:42:17",RELIANCE,1092553,900.15
233557,"2018-02-07 09:42:18",HDFC,589206,1775.05
233558,"2018-02-07 09:42:22",AXISBANK,1122257,569.75
233559,"2018-02-07 09:42:22",JINDALSTEL,1847153,259.85
233560,"2018-02-07 09:42:23",INFY,484766,1108.3
233561,"2018-02-07 09:42:23",LT,307840,1359.7
233562,"2018-02-07 09:42:24",HDFCBANK,203192,1881.4
233563,"2018-02-07 09:42:25",SBIN,3093015,295.1
233564,"2018-02-07 09:42:26",AXISBANK,1126500,570
233565,"2018-02-07 09:42:30",KOTAKBANK,1849915,1046.45
233566,"2018-02-07 09:42:30",HDFCBANK,203555,1881.4
233567,"2018-02-07 09:42:31",INFY,485485,1109
233568,"2018-02-07 09:42:32",IDFCBANK,1707694,52.15
233569,"2018-02-07 09:42:33",RELIANCE,1102772,900.15
233570,"2018-02-07 09:42:36",AXISBANK,1128568,569.9
233571,"2018-02-07 09:42:37",LT,309459,1359.1
233572,"2018-02-07 09:42:38",SBIN,3096467,295
233573,"2018-02-07 09:42:38",KOTAKBANK,1851143,1046.4
233574,"2018-02-07 09:42:39",HDFCBANK,203766,1880.65
233575,"2018-02-07 09:42:40",AXISBANK,1132567,570.15
233576,"2018-02-07 09:42:43",LT,309990,1359.45
233577,"2018-02-07 09:42:44",IDFCBANK,1712211,52.15
233578,"2018-02-07 09:42:44",INFY,486308,1109.2
233579,"2018-02-07 09:42:45",HDFCBANK,204223,1880.75
233580,"2018-02-07 09:42:45",ICICIBANK,1252581,333.2
233581,"2018-02-07 09:42:50",RELIANCE,1106746,900.3
233582,"2018-02-07 09:42:50",ICICIBANK,1259413,333.4
233583,"2018-02-07 09:42:51",HDFC,593130,1775.45
233584,"2018-02-07 09:42:52",AXISBANK,1135122,570.3
233585,"2018-02-07 09:42:52",IDFCBANK,1721967,52.2
233586,"2018-02-07 09:42:54",LT,310535,1360
233587,"2018-02-07 09:42:57",JINDALSTEL,1907085,259.9
233588,"2018-02-07 09:42:58",LT,310604,1360
233589,"2018-02-07 09:42:58",LT,310535,1360
233590,"2018-02-07 09:42:59",MARUTI,95839,9104.2
233591,"2018-02-07 09:42:59",AXISBANK,1138571,570.1
233592,"2018-02-07 09:42:59",ICICIBANK,1260623,333.4
233593,"2018-02-07 09:43:00",JINDALSTEL,1909154,259.9
233594,"2018-02-07 09:43:03",SBIN,3120722,295.1
233595,"2018-02-07 09:43:04",KOTAKBANK,1853315,1046.25
233596,"2018-02-07 09:43:04",IDFCBANK,1724437,52.25
233597,"2018-02-07 09:43:06",MARUTI,95992,9106.95
233598,"2018-02-07 09:43:06",ICICIBANK,1263587,333.3
233599,"2018-02-07 09:43:08",RELIANCE,1112435,900.3
233600,"2018-02-07 09:43:10",AXISBANK,1149067,569.1
233601,"2018-02-07 09:43:12",KOTAKBANK,1855937,1046.85
233602,"2018-02-07 09:43:12",HDIL,3426011,51.85
233603,"2018-02-07 09:43:14",AXISBANK,1160596,569.9
233604,"2018-02-07 09:43:16",SBIN,3130448,295.15
233605,"2018-02-07 09:43:18",KOTAKBANK,1856731,1046.9
233606,"2018-02-07 09:43:19",ICICIBANK,1263984,333.3
233607,"2018-02-07 09:43:19",RELIANCE,1114706,900.15
233608,"2018-02-07 09:43:19",MARUTI,96204,9104.9
233609,"2018-02-07 09:43:19",JINDALSTEL,1921924,259.9
233610,"2018-02-07 09:43:21",AXISBANK,1163462,569.45
233611,"2018-02-07 09:43:23",INFY,493300,1109.05
233612,"2018-02-07 09:43:25",HDFCBANK,205463,1881.4
233613,"2018-02-07 09:43:26",LT,313131,1359
233614,"2018-02-07 09:43:26",HDFC,599452,1775.05
233615,"2018-02-07 09:43:30",AXISBANK,1165546,569.15
233616,"2018-02-07 09:43:30",HDIL,3440794,51.9
233617,"2018-02-07 09:43:31",LT,313207,1358.7
233618,"2018-02-07 09:43:34",IDFCBANK,1728192,52.25
233619,"2018-02-07 09:43:34",INFY,495863,1107.9
233620,"2018-02-07 09:43:35",MARUTI,96394,9104.9
233621,"2018-02-07 09:43:36",KOTAKBANK,1857923,1046.75
233622,"2018-02-07 09:43:39",HDFCBANK,206084,1880.9
233623,"2018-02-07 09:43:40",RELIANCE,1148505,899.55
233624,"2018-02-07 09:43:41",INFY,496902,1108.6
233625,"2018-02-07 09:43:41",AXISBANK,1167558,569.25
233626,"2018-02-07 09:43:43",HDIL,3441894,51.9
233627,"2018-02-07 09:43:46",KOTAKBANK,1859257,1046.5
233628,"2018-02-07 09:43:47",SBIN,3141287,294.9
233629,"2018-02-07 09:43:48",AXISBANK,1179830,569.4
233630,"2018-02-07 09:43:48",HDIL,3443951,51.9
233631,"2018-02-07 09:43:50",JINDALSTEL,1939622,259.3
233632,"2018-02-07 09:43:50",HDFC,601455,1773.05
233633,"2018-02-07 09:43:53",HDFCBANK,206166,1880.85
233634,"2018-02-07 09:43:56",MARUTI,97003,9102.8
233635,"2018-02-07 09:43:56",IDFCBANK,1738269,52.2
233636,"2018-02-07 09:43:57",RELIANCE,1150196,899.2
233637,"2018-02-07 09:44:00",AXISBANK,1181969,569.3
233638,"2018-02-07 09:44:00",ITC,1747338,275.7
233639,"2018-02-07 09:44:03",LT,316334,1357.15
233640,"2018-02-07 09:44:07",HDIL,3454394,51.85
233641,"2018-02-07 09:44:08",ITC,1747760,275.75
233642,"2018-02-07 09:44:08",INFY,498745,1108.5
233643,"2018-02-07 09:44:09",AXISBANK,1182181,569.45
233644,"2018-02-07 09:44:09",IDFCBANK,1740308,52.15
233645,"2018-02-07 09:44:10",HDIL,3455639,51.9
233646,"2018-02-07 09:44:14",SBIN,3158755,295.05
233647,"2018-02-07 09:44:14",ICICIBANK,1277957,333.25
233648,"2018-02-07 09:44:15",INFY,500524,1108.9
233649,"2018-02-07 09:44:16",LT,316929,1357.2
233650,"2018-02-07 09:44:16",AXISBANK,1183570,569.8
233651,"2018-02-07 09:44:19",IDFCBANK,1740861,52.15
233652,"2018-02-07 09:44:21",LT,317786,1357.2
233653,"2018-02-07 09:44:22",KOTAKBANK,1868806,1046.45
233654,"2018-02-07 09:44:23",AXISBANK,1184386,569.7
233655,"2018-02-07 09:44:23",SBIN,3160908,295
233656,"2018-02-07 09:44:24",JINDALSTEL,1960000,259.15
233657,"2018-02-07 09:44:26",AXISBANK,1185859,569.6
233658,"2018-02-07 09:44:26",IDFCBANK,1743132,52.15
233659,"2018-02-07 09:44:29",INFY,501029,1108.6
233660,"2018-02-07 09:44:30",JINDALSTEL,1963468,259.1
233661,"2018-02-07 09:44:32",JINDALSTEL,1967897,259.25
233662,"2018-02-07 09:44:35",RELIANCE,1172849,898.8
233663,"2018-02-07 09:44:36",ITC,1758215,275.7
233664,"2018-02-07 09:44:36",AXISBANK,1187323,569.55
233665,"2018-02-07 09:44:36",ICICIBANK,1279256,333.25
233666,"2018-02-07 09:44:37",INFY,502050,1109.5
233667,"2018-02-07 09:44:39",IDFCBANK,1744309,52.2
233668,"2018-02-07 09:44:43",SBIN,3176144,295.15
233669,"2018-02-07 09:44:43",HDFCBANK,213584,1882.9
233670,"2018-02-07 09:44:43",HDIL,3503166,51.8
233671,"2018-02-07 09:44:44",AXISBANK,1192345,570.05
233672,"2018-02-07 09:44:50",JINDALSTEL,1971519,259.45
233673,"2018-02-07 09:44:50",KOTAKBANK,1870054,1046.4
233674,"2018-02-07 09:44:51",SBIN,3183181,295.15
233675,"2018-02-07 09:44:51",HDFCBANK,213626,1882.95
233676,"2018-02-07 09:44:52",MARUTI,98535,9096.2
233677,"2018-02-07 09:44:53",AXISBANK,1192468,570.15
233678,"2018-02-07 09:44:56",INFY,503935,1109.4
233679,"2018-02-07 09:44:58",HDIL,3510728,51.8
233680,"2018-02-07 09:44:59",ITC,1811519,276.1
233681,"2018-02-07 09:45:01",AXISBANK,1195383,569.85
233682,"2018-02-07 09:45:02",HDFC,615593,1773.15
233683,"2018-02-07 09:45:04",KOTAKBANK,1870214,1046.1
233684,"2018-02-07 09:45:05",IDFCBANK,1749431,52.25
233685,"2018-02-07 09:45:07",RELIANCE,1183693,898.75
233686,"2018-02-07 09:45:08",LT,324015,1358.5
233687,"2018-02-07 09:45:10",JINDALSTEL,1998990,259.25
233688,"2018-02-07 09:45:11",SBIN,3196943,295.1
233689,"2018-02-07 09:45:11",AXISBANK,1196474,569.55
233690,"2018-02-07 09:45:14",INFY,505643,1109.2
233691,"2018-02-07 09:45:14",IDFCBANK,1753950,52.2
233692,"2018-02-07 09:45:16",JINDALSTEL,2004208,259.25
233693,"2018-02-07 09:45:16",AXISBANK,1199739,569.3
233694,"2018-02-07 09:45:17",HDIL,3547620,51.8
233695,"2018-02-07 09:45:20",HDFC,619340,1773.2
233696,"2018-02-07 09:45:20",ICICIBANK,1328191,333.5
233697,"2018-02-07 09:45:23",SBIN,3199326,295.15
233698,"2018-02-07 09:45:23",AXISBANK,1200587,569.2
233699,"2018-02-07 09:45:24",RELIANCE,1193027,898.95
233700,"2018-02-07 09:45:26",IDFCBANK,1754675,52.2
233701,"2018-02-07 09:45:27",KOTAKBANK,1872887,1045.95
233702,"2018-02-07 09:45:31",JINDALSTEL,2004774,259.2
233703,"2018-02-07 09:45:31",HDIL,3558815,51.75
233704,"2018-02-07 09:45:33",AXISBANK,1201352,569.4
233705,"2018-02-07 09:45:34",SBIN,3205856,295.4
233706,"2018-02-07 09:45:36",JINDALSTEL,2005562,259.3
233707,"2018-02-07 09:45:37",MARUTI,99696,9093
233708,"2018-02-07 09:45:38",IDFCBANK,1757289,52.2
233709,"2018-02-07 09:45:41",HDFCBANK,217304,1881
233710,"2018-02-07 09:45:41",MARUTI,99809,9092.75
233711,"2018-02-07 09:45:41",AXISBANK,1203131,569.5
233712,"2018-02-07 09:45:45",SBIN,3207518,295.35
233713,"2018-02-07 09:45:48",INFY,508311,1108.6
233714,"2018-02-07 09:45:48",HDFCBANK,217572,1881
233715,"2018-02-07 09:45:50",AXISBANK,1203677,569.35
233716,"2018-02-07 09:45:51",MARUTI,99863,9094.8
233717,"2018-02-07 09:45:54",SBIN,3213255,295.45
233718,"2018-02-07 09:45:55",RELIANCE,1209202,899
233719,"2018-02-07 09:45:57",IDFCBANK,1759066,52.2
233720,"2018-02-07 09:46:07",INFY,509445,1108
233721,"2018-02-07 09:46:08",SBIN,3219501,295.7
233722,"2018-02-07 09:46:09",ICICIBANK,1349628,333.6
233723,"2018-02-07 09:46:09",JINDALSTEL,2057030,258.9
233724,"2018-02-07 09:46:11",LT,326497,1357.35
233725,"2018-02-07 09:46:30",KOTAKBANK,1883927,1045
233726,"2018-02-07 09:46:30",HDIL,3606032,51.75
233727,"2018-02-07 09:46:33",ICICIBANK,1364196,333.6
233728,"2018-02-07 09:46:34",MARUTI,100645,9096
233729,"2018-02-07 09:46:34",LT,328071,1358.1
233730,"2018-02-07 09:46:36",SBIN,3246236,295.7
233731,"2018-02-07 09:46:36",IDFCBANK,1780539,52.25
233732,"2018-02-07 09:46:38",INFY,511380,1107.75
233733,"2018-02-07 09:46:42",JINDALSTEL,2073218,259.25
233734,"2018-02-07 09:46:42",AXISBANK,1210260,569.8
233735,"2018-02-07 09:46:43",AXISBANK,1211598,569.8
233736,"2018-02-07 09:46:49",IDFCBANK,1796175,52.3
233737,"2018-02-07 09:46:49",JINDALSTEL,2077114,259.6
233738,"2018-02-07 09:46:51",HDIL,3617196,51.85
233739,"2018-02-07 09:46:52",ICICIBANK,1374410,333.6
233740,"2018-02-07 09:46:53",LT,328904,1359.05
233741,"2018-02-07 09:46:54",IDFCBANK,1804274,52.35
233742,"2018-02-07 09:46:55",JINDALSTEL,2080024,259.75
233743,"2018-02-07 09:46:56",SBIN,3249395,295.7
233744,"2018-02-07 09:46:59",AXISBANK,1214150,570
233745,"2018-02-07 09:47:00",LT,329040,1359.25
233746,"2018-02-07 09:47:03",IDFCBANK,1807330,52.3
233747,"2018-02-07 09:47:03",ITC,2042078,277.2
233748,"2018-02-07 09:47:05",HDFCBANK,220688,1882.35
233749,"2018-02-07 09:47:06",KOTAKBANK,1885400,1045.9
233750,"2018-02-07 09:47:08",ICICIBANK,1376062,333.6
233751,"2018-02-07 09:47:09",HDIL,3645087,51.9
233752,"2018-02-07 09:47:11",AXISBANK,1215330,570
233753,"2018-02-07 09:47:11",HDFCBANK,220711,1882.3
233754,"2018-02-07 09:47:12",HDFC,639175,1773
233755,"2018-02-07 09:47:12",INFY,516761,1108.4
233756,"2018-02-07 09:47:15",HDFCBANK,221173,1882.35
233757,"2018-02-07 09:47:20",LT,329621,1359.6
233758,"2018-02-07 09:47:20",SBIN,3259244,295.6
233759,"2018-02-07 09:47:21",AXISBANK,1215734,569.95
233760,"2018-02-07 09:47:25",MARUTI,101354,9103
233761,"2018-02-07 09:47:25",HDIL,3651099,51.85
233762,"2018-02-07 09:47:29",AXISBANK,1216935,569.95
233763,"2018-02-07 09:47:29",RELIANCE,1232072,899.6
233764,"2018-02-07 09:47:31",SBIN,3264498,295.7
233765,"2018-02-07 09:47:31",ITC,2061051,277.1
233766,"2018-02-07 09:47:31",ICICIBANK,1380197,333.75
233767,"2018-02-07 09:47:35",HDFCBANK,222945,1883
233768,"2018-02-07 09:47:35",RELIANCE,1232623,899.55
233769,"2018-02-07 09:47:36",AXISBANK,1221059,569.65
233770,"2018-02-07 09:47:39",HDFC,649171,1771.95
233771,"2018-02-07 09:47:41",SBIN,3265718,295.65
233772,"2018-02-07 09:47:42",MARUTI,101564,9100.95
233773,"2018-02-07 09:47:43",ICICIBANK,1387899,333.5
233774,"2018-02-07 09:47:44",AXISBANK,1221403,569.3
233775,"2018-02-07 09:47:46",KOTAKBANK,1887142,1045.55
233776,"2018-02-07 09:47:47",LT,332914,1358.15
233777,"2018-02-07 09:47:49",HDFCBANK,223717,1882.95
233778,"2018-02-07 09:47:49",ITC,2071501,276.7
233779,"2018-02-07 09:47:50",AXISBANK,1222121,569.5
233780,"2018-02-07 09:47:51",RELIANCE,1235292,900
233781,"2018-02-07 09:47:54",ICICIBANK,1396409,333.5
233782,"2018-02-07 09:47:55",IDFCBANK,1900898,52.3
233783,"2018-02-07 09:47:57",JINDALSTEL,2105924,259.4
233784,"2018-02-07 09:48:00",LT,334067,1358.55
233785,"2018-02-07 09:48:02",AXISBANK,1223913,569.55
233786,"2018-02-07 09:48:03",MARUTI,101786,9103.55
233787,"2018-02-07 09:48:04",HDFC,654080,1771.65
233788,"2018-02-07 09:48:04",HDFCBANK,224269,1883
233789,"2018-02-07 09:48:06",MARUTI,101828,9102.55
233790,"2018-02-07 09:48:09",HDFC,654475,1771.5
233791,"2018-02-07 09:48:10",ITC,2077718,276.8
233792,"2018-02-07 09:48:10",INFY,525818,1108.25
233793,"2018-02-07 09:48:11",RELIANCE,1240332,899.95
233794,"2018-02-07 09:48:11",SBIN,3273746,295.75
233795,"2018-02-07 09:48:13",AXISBANK,1224929,569.55
233796,"2018-02-07 09:48:16",INFY,525825,1108.25
233797,"2018-02-07 09:48:17",SBIN,3276486,295.75
233798,"2018-02-07 09:48:17",MARUTI,101924,9102.55
233799,"2018-02-07 09:48:18",AXISBANK,1230767,569.55
233800,"2018-02-07 09:48:23",LT,336540,1358.5
233801,"2018-02-07 09:48:24",HDFCBANK,225935,1882.9
233802,"2018-02-07 09:48:25",JINDALSTEL,2126613,259.2
233803,"2018-02-07 09:48:25",AXISBANK,1235172,569.55
233804,"2018-02-07 09:48:29",HDFCBANK,226209,1883.15
233805,"2018-02-07 09:48:30",RELIANCE,1245235,900
233806,"2018-02-07 09:48:31",HDIL,3673758,51.85
233807,"2018-02-07 09:48:32",INFY,526203,1108.25
233808,"2018-02-07 09:48:36",HDIL,3676864,51.85
233809,"2018-02-07 09:48:37",ITC,2088878,276.35
233810,"2018-02-07 09:48:37",INFY,527314,1108.15
233811,"2018-02-07 09:48:38",ICICIBANK,1409207,333.65
233812,"2018-02-07 09:48:41",AXISBANK,1243192,568.85
233813,"2018-02-07 09:48:42",SBIN,3288044,295.7
233814,"2018-02-07 09:48:43",KOTAKBANK,1892300,1044.8
233815,"2018-02-07 09:48:45",ICICIBANK,1409847,333.6
233816,"2018-02-07 09:48:48",HDFCBANK,227290,1882.8
233817,"2018-02-07 09:48:50",AXISBANK,1261986,568.5
233818,"2018-02-07 09:48:50",IDFCBANK,1913704,52.3
233819,"2018-02-07 09:48:50",INFY,528366,1107.3
233820,"2018-02-07 09:48:52",HDFCBANK,227768,1882.65
233821,"2018-02-07 09:48:53",ITC,2097612,276.2
233822,"2018-02-07 09:48:56",ICICIBANK,1410860,333.65
233823,"2018-02-07 09:48:58",HDIL,3703764,51.85
233824,"2018-02-07 09:49:00",KOTAKBANK,1892427,1045.75
233825,"2018-02-07 09:49:01",INFY,529816,1107.95
233826,"2018-02-07 09:49:02",HDFCBANK,229463,1882.95
233827,"2018-02-07 09:49:03",AXISBANK,1268445,569.5
233828,"2018-02-07 09:49:03",IDFCBANK,1983471,52.35
233829,"2018-02-07 09:49:05",AXISBANK,1268489,569.6
233830,"2018-02-07 09:49:08",MARUTI,102877,9097.15
233831,"2018-02-07 09:49:09",LT,341662,1358.1
233832,"2018-02-07 09:49:09",ICICIBANK,1417219,333.6
233833,"2018-02-07 09:49:10",HDFC,660432,1772.7
233834,"2018-02-07 09:49:13",HDIL,3707786,51.9
233835,"2018-02-07 09:49:16",AXISBANK,1271326,569.6
233836,"2018-02-07 09:49:16",IDFCBANK,2003789,52.3
233837,"2018-02-07 09:49:17",HDFCBANK,229859,1883
233838,"2018-02-07 09:49:20",HDIL,3709444,51.9
233839,"2018-02-07 09:49:22",HDIL,3709530,51.85
233840,"2018-02-07 09:49:22",AXISBANK,1273541,569.4
233841,"2018-02-07 09:49:25",SBIN,3338086,296.15
233842,"2018-02-07 09:49:25",RELIANCE,1258768,899.9
233843,"2018-02-07 09:49:30",KOTAKBANK,1892751,1044.85
233844,"2018-02-07 09:49:31",JINDALSTEL,2152589,258.8
233845,"2018-02-07 09:49:32",HDFCBANK,230210,1883.1
233846,"2018-02-07 09:49:34",AXISBANK,1275048,569.3
233847,"2018-02-07 09:49:37",SBIN,3342211,295.8
233848,"2018-02-07 09:49:38",ITC,2115969,276.3
233849,"2018-02-07 09:49:41",MARUTI,103421,9095
233850,"2018-02-07 09:49:43",HDIL,3710771,51.85
233851,"2018-02-07 09:49:44",AXISBANK,1276247,569.05
233852,"2018-02-07 09:49:44",SBIN,3345382,295.8
233853,"2018-02-07 09:49:45",KOTAKBANK,1892845,1045
233854,"2018-02-07 09:49:48",HDFC,668359,1772.35
233855,"2018-02-07 09:49:48",HDIL,3711060,51.85
233856,"2018-02-07 09:49:51",LT,347668,1356.35
233857,"2018-02-07 09:49:51",SBIN,3346813,295.65
233858,"2018-02-07 09:49:51",AXISBANK,1277339,569.1
233859,"2018-02-07 09:49:52",INFY,533537,1107.1
233860,"2018-02-07 09:49:57",ITC,2120486,276.3
233861,"2018-02-07 09:50:01",MARUTI,104483,9088
233862,"2018-02-07 09:50:02",ITC,2129565,276
233863,"2018-02-07 09:50:02",LT,355701,1355
233864,"2018-02-07 09:50:04",SBIN,3347775,295.6
233865,"2018-02-07 09:50:04",INFY,534891,1107.4
233866,"2018-02-07 09:50:05",HDIL,3723162,51.85
233867,"2018-02-07 09:50:08",JINDALSTEL,2165644,258.85
233868,"2018-02-07 09:50:10",HDFCBANK,230821,1882.55
233869,"2018-02-07 09:50:10",LT,361058,1354.7
233870,"2018-02-07 09:50:11",SBIN,3349612,295.55
233871,"2018-02-07 09:50:11",AXISBANK,1282232,568.9
233872,"2018-02-07 09:50:17",INFY,536740,1107.45
233873,"2018-02-07 09:50:17",RELIANCE,1269712,899.05
233874,"2018-02-07 09:50:18",LT,364884,1354.05
233875,"2018-02-07 09:50:18",KOTAKBANK,1893377,1044.4
233876,"2018-02-07 09:50:18",ITC,2137664,276.05
233877,"2018-02-07 09:50:19",HDFCBANK,231137,1882.55
233878,"2018-02-07 09:50:23",AXISBANK,1282638,568.9
233879,"2018-02-07 09:50:24",HDFC,671759,1771.9
233880,"2018-02-07 09:50:25",MARUTI,104756,9085
233881,"2018-02-07 09:50:26",JINDALSTEL,2173534,258.9
233882,"2018-02-07 09:50:26",INFY,537534,1107.3
233883,"2018-02-07 09:50:30",HDFCBANK,231691,1883.25
233884,"2018-02-07 09:50:32",LT,365846,1354.15
233885,"2018-02-07 09:50:32",AXISBANK,1283743,569.2
233886,"2018-02-07 09:50:37",AXISBANK,1284190,569.4
233887,"2018-02-07 09:50:38",INFY,537596,1107.3
233888,"2018-02-07 09:50:38",KOTAKBANK,1893447,1044
233889,"2018-02-07 09:50:39",ITC,2142566,276.2
233890,"2018-02-07 09:50:39",RELIANCE,1274662,899.7
233891,"2018-02-07 09:50:44",MARUTI,105868,9091.5
233892,"2018-02-07 09:50:45",HDFC,674041,1772.35
233893,"2018-02-07 09:50:45",ICICIBANK,1473336,333.3
233894,"2018-02-07 09:50:46",RELIANCE,1276999,899.45
233895,"2018-02-07 09:50:48",AXISBANK,1288699,568.65
233896,"2018-02-07 09:50:52",LT,367685,1355.9
233897,"2018-02-07 09:50:55",HDFCBANK,232011,1883
233898,"2018-02-07 09:50:58",IDFCBANK,2077663,52.25
233899,"2018-02-07 09:50:58",JINDALSTEL,2186335,259
233900,"2018-02-07 09:50:58",SBIN,3386029,295.3
233901,"2018-02-07 09:50:58",KOTAKBANK,1894486,1044.15
233902,"2018-02-07 09:51:00",AXISBANK,1292174,568.7
233903,"2018-02-07 09:51:04",HDFC,674886,1772.3
233904,"2018-02-07 09:51:05",IDFCBANK,2083266,52.2
233905,"2018-02-07 09:51:08",HDFCBANK,233972,1881.85
233906,"2018-02-07 09:51:11",RELIANCE,1278592,899.3
233907,"2018-02-07 09:51:12",AXISBANK,1295403,568.5
233908,"2018-02-07 09:51:12",KOTAKBANK,1895301,1044.4
233909,"2018-02-07 09:51:14",ICICIBANK,1480203,333.15
233910,"2018-02-07 09:51:17",MARUTI,107020,9083.4
233911,"2018-02-07 09:51:19",HDFC,675876,1772.05
233912,"2018-02-07 09:51:19",AXISBANK,1298197,568.45
233913,"2018-02-07 09:51:20",ITC,2169108,275.7
233914,"2018-02-07 09:51:22",HDIL,3744584,51.75
233915,"2018-02-07 09:51:26",JINDALSTEL,2234195,258.75
233916,"2018-02-07 09:51:26",AXISBANK,1298372,568.7
233917,"2018-02-07 09:51:27",MARUTI,107210,9081.95
233918,"2018-02-07 09:51:32",HDFCBANK,235529,1882.35
233919,"2018-02-07 09:51:33",MARUTI,107407,9081.25
233920,"2018-02-07 09:51:33",JINDALSTEL,2260490,258.9
233921,"2018-02-07 09:51:33",LT,373475,1356.25
233922,"2018-02-07 09:51:34",HDIL,3747242,51.75
233923,"2018-02-07 09:51:39",LT,380764,1355.15
233924,"2018-02-07 09:51:39",INFY,565715,1105.05
233925,"2018-02-07 09:51:40",AXISBANK,1298547,568.75
233926,"2018-02-07 09:51:40",HDFC,678632,1771.65
233927,"2018-02-07 09:51:41",RELIANCE,1282964,899.5
233928,"2018-02-07 09:51:41",ITC,2182682,276.15
233929,"2018-02-07 09:51:46",AXISBANK,1299360,568.6
233930,"2018-02-07 09:51:53",HDIL,3750727,51.75
233931,"2018-02-07 09:51:54",HDFC,680631,1771.7
233932,"2018-02-07 09:51:55",INFY,566389,1105.1
233933,"2018-02-07 09:51:56",AXISBANK,1300320,568.65
233934,"2018-02-07 09:51:56",RELIANCE,1283136,899.5
233935,"2018-02-07 09:51:56",MARUTI,109652,9074.75
233936,"2018-02-07 09:51:59",JINDALSTEL,2291891,258.8
233937,"2018-02-07 09:52:02",INFY,566982,1105.25
233938,"2018-02-07 09:52:02",HDFCBANK,236274,1883.95
233939,"2018-02-07 09:52:03",AXISBANK,1301234,568.65
233940,"2018-02-07 09:52:03",RELIANCE,1283743,899.45
233941,"2018-02-07 09:52:06",IDFCBANK,2110058,52.2
233942,"2018-02-07 09:52:07",AXISBANK,1301478,568.6
233943,"2018-02-07 09:52:08",MARUTI,111182,9078.2
233944,"2018-02-07 09:52:09",KOTAKBANK,1898200,1045.25
233945,"2018-02-07 09:52:09",HDFC,683777,1772.75
233946,"2018-02-07 09:52:09",AXISBANK,1301737,568.65
233947,"2018-02-07 09:52:11",HDIL,3754619,51.75
233948,"2018-02-07 09:52:13",HDFCBANK,236489,1883.1
233949,"2018-02-07 09:52:14",LT,385925,1356.4
233950,"2018-02-07 09:52:15",RELIANCE,1284599,899.45
233951,"2018-02-07 09:52:18",IDFCBANK,2129122,52.2
233952,"2018-02-07 09:52:21",SBIN,3410664,295.3
233953,"2018-02-07 09:52:22",AXISBANK,1302636,568.7
233954,"2018-02-07 09:52:22",HDFCBANK,236829,1883
233955,"2018-02-07 09:52:22",INFY,571441,1106.35
233956,"2018-02-07 09:52:23",KOTAKBANK,1898433,1045.55
233957,"2018-02-07 09:52:24",HDFCBANK,236915,1883.05
233958,"2018-02-07 09:52:27",IDFCBANK,2133871,52.25
233959,"2018-02-07 09:52:28",AXISBANK,1303410,568.95
233960,"2018-02-07 09:52:29",ITC,2217440,276.8
233961,"2018-02-07 09:52:30",HDFC,689081,1773
233962,"2018-02-07 09:52:31",ICICIBANK,1491418,333.15
233963,"2018-02-07 09:52:34",AXISBANK,1304715,568.95
233964,"2018-02-07 09:52:36",IDFCBANK,2135740,52.25
233965,"2018-02-07 09:52:36",HDFC,689693,1772.5
233966,"2018-02-07 09:52:37",JINDALSTEL,2306913,259.3
233967,"2018-02-07 09:52:37",SBIN,3414268,295.35
233968,"2018-02-07 09:52:37",RELIANCE,1288180,899.8
233969,"2018-02-07 09:52:39",ICICIBANK,1498546,333.05
233970,"2018-02-07 09:52:43",AXISBANK,1305080,569
233971,"2018-02-07 09:52:43",KOTAKBANK,1899049,1045.65
233972,"2018-02-07 09:52:43",JINDALSTEL,2307843,259.25
233973,"2018-02-07 09:52:43",HDFC,689989,1772.35
233974,"2018-02-07 09:52:44",HDFCBANK,237151,1883
233975,"2018-02-07 09:52:49",ITC,2226129,276.95
233976,"2018-02-07 09:52:50",AXISBANK,1306248,569.25
233977,"2018-02-07 09:52:52",HDIL,3769310,51.85
233978,"2018-02-07 09:52:55",ICICIBANK,1499151,333
233979,"2018-02-07 09:52:56",INFY,575856,1106.6
233980,"2018-02-07 09:52:57",HDFC,691341,1772.4
233981,"2018-02-07 09:52:57",RELIANCE,1289966,899.8
233982,"2018-02-07 09:52:58",AXISBANK,1306721,568.7
233983,"2018-02-07 09:53:00",SBIN,3422657,295.3
233984,"2018-02-07 09:53:03",HDFCBANK,237322,1883.35
233985,"2018-02-07 09:53:04",RELIANCE,1290906,899.75
233986,"2018-02-07 09:53:04",HDIL,3772622,51.8
233987,"2018-02-07 09:53:05",KOTAKBANK,1899623,1045.45
233988,"2018-02-07 09:53:07",HDIL,3773532,51.75
233989,"2018-02-07 09:53:10",ICICIBANK,1503523,333.05
233990,"2018-02-07 09:53:11",AXISBANK,1309326,568.45
233991,"2018-02-07 09:53:11",HDFCBANK,237450,1883.25
233992,"2018-02-07 09:53:12",HDFC,693416,1771.75
233993,"2018-02-07 09:53:12",KOTAKBANK,1899967,1045.5
233994,"2018-02-07 09:53:12",LT,391365,1356.7
233995,"2018-02-07 09:53:16",AXISBANK,1310079,568.7
233996,"2018-02-07 09:53:17",HDFCBANK,237456,1883.75
233997,"2018-02-07 09:53:18",KOTAKBANK,1900237,1045.5
233998,"2018-02-07 09:53:18",IDFCBANK,2169546,52.2
233999,"2018-02-07 09:53:23",AXISBANK,1310911,569.1
234000,"2018-02-07 09:53:25",ITC,2293961,277
234001,"2018-02-07 09:53:26",IDFCBANK,2172625,52.25
234002,"2018-02-07 09:53:29",ICICIBANK,1505638,333.2
234003,"2018-02-07 09:53:31",HDFCBANK,237780,1883.25
234004,"2018-02-07 09:53:32",INFY,579200,1106.3
234005,"2018-02-07 09:53:32",JINDALSTEL,2320488,259.4
234006,"2018-02-07 09:53:35",IDFCBANK,2185781,52.3
234007,"2018-02-07 09:53:36",AXISBANK,1311035,568.9
234008,"2018-02-07 09:53:39",HDFCBANK,237860,1883.75
234009,"2018-02-07 09:53:41",KOTAKBANK,1975771,1046.45
234010,"2018-02-07 09:53:42",MARUTI,117344,9087.8
234011,"2018-02-07 09:53:43",AXISBANK,1311297,568.8
234012,"2018-02-07 09:53:45",HDFCBANK,238040,1883.75
234013,"2018-02-07 09:53:45",ITC,2297425,277.1
234014,"2018-02-07 09:53:48",MARUTI,117628,9087
234015,"2018-02-07 09:53:48",AXISBANK,1311539,568.55
234016,"2018-02-07 09:53:50",RELIANCE,1311770,901.15
234017,"2018-02-07 09:53:51",JINDALSTEL,2349924,260.2
234018,"2018-02-07 09:53:52",ITC,2306002,277.1
234019,"2018-02-07 09:53:53",LT,394388,1357.65
234020,"2018-02-07 09:53:55",INFY,580731,1106.55
234021,"2018-02-07 09:53:55",HDFC,696507,1772.75
234022,"2018-02-07 09:53:59",SBIN,3444509,295.5
234023,"2018-02-07 09:53:59",IDFCBANK,2191849,52.3
234024,"2018-02-07 09:54:02",SBIN,3448515,295.35
234025,"2018-02-07 09:54:03",AXISBANK,1312371,568.55
234026,"2018-02-07 09:54:06",RELIANCE,1316251,901
234027,"2018-02-07 09:54:06",ITC,2309774,277.1
234028,"2018-02-07 09:54:07",ICICIBANK,1511213,333.2
234029,"2018-02-07 09:54:08",LT,395418,1358.1
234030,"2018-02-07 09:54:09",LT,395643,1358.7
234031,"2018-02-07 09:54:10",MARUTI,118120,9084
234032,"2018-02-07 09:54:13",SBIN,3449861,295.3
234033,"2018-02-07 09:54:13",JINDALSTEL,2365810,259.7
234034,"2018-02-07 09:54:13",INFY,582203,1106.3
234035,"2018-02-07 09:54:17",AXISBANK,1312842,568.8
234036,"2018-02-07 09:54:17",ICICIBANK,1514385,333.35
234037,"2018-02-07 09:54:20",INFY,582728,1106.3
234038,"2018-02-07 09:54:20",RELIANCE,1318169,900.75
234039,"2018-02-07 09:54:20",HDFCBANK,239082,1883.7
234040,"2018-02-07 09:54:23",HDIL,3783951,51.8
234041,"2018-02-07 09:54:24",JINDALSTEL,2374484,260
234042,"2018-02-07 09:54:26",IDFCBANK,2227865,52.25
234043,"2018-02-07 09:54:26",AXISBANK,1314680,568.3
234044,"2018-02-07 09:54:30",JINDALSTEL,2384648,259.5
234045,"2018-02-07 09:54:31",ITC,2361740,276.9
234046,"2018-02-07 09:54:31",ICICIBANK,1515287,333.3
234047,"2018-02-07 09:54:33",SBIN,3483216,295
234048,"2018-02-07 09:54:33",INFY,583886,1106
234049,"2018-02-07 09:54:36",KOTAKBANK,1977436,1045.2
234050,"2018-02-07 09:54:37",HDIL,3790188,51.8
234051,"2018-02-07 09:54:39",IDFCBANK,2230772,52.25
234052,"2018-02-07 09:54:39",SBIN,3493041,294.9
234053,"2018-02-07 09:54:40",JINDALSTEL,2393925,259.35
234054,"2018-02-07 09:54:40",RELIANCE,1324687,900.75
234055,"2018-02-07 09:54:42",AXISBANK,1316514,568.4
234056,"2018-02-07 09:54:46",KOTAKBANK,1977787,1045.25
234057,"2018-02-07 09:54:46",ICICIBANK,1518877,333.3
234058,"2018-02-07 09:54:46",LT,400069,1357.7
234059,"2018-02-07 09:54:47",HDFCBANK,239707,1883.45
234060,"2018-02-07 09:54:52",HDIL,3798965,51.8
234061,"2018-02-07 09:54:53",KOTAKBANK,1978627,1045.75
234062,"2018-02-07 09:54:53",AXISBANK,1317302,568.4
234063,"2018-02-07 09:54:54",INFY,588695,1106.6
234064,"2018-02-07 09:54:59",KOTAKBANK,1978893,1046.1
234065,"2018-02-07 09:55:00",ICICIBANK,1527315,333.45
234066,"2018-02-07 09:55:00",HDFC,701770,1771.95
234067,"2018-02-07 09:55:05",AXISBANK,1317654,568.6
234068,"2018-02-07 09:55:06",LT,405347,1356.95
234069,"2018-02-07 09:55:08",LT,405492,1357
234070,"2018-02-07 09:55:08",HDFCBANK,239898,1883.8
234071,"2018-02-07 09:55:08",RELIANCE,1331331,901.1
234072,"2018-02-07 09:55:10",AXISBANK,1319762,568.5
234073,"2018-02-07 09:55:11",ICICIBANK,1528046,333.45
234074,"2018-02-07 09:55:14",IDFCBANK,2244976,52.25
234075,"2018-02-07 09:55:14",MARUTI,119252,9085.95
234076,"2018-02-07 09:55:17",LT,406159,1357.05
234077,"2018-02-07 09:55:18",SBIN,3502910,295.2
234078,"2018-02-07 09:55:18",ITC,2425492,277.05
234079,"2018-02-07 09:55:21",AXISBANK,1320976,568.8
234080,"2018-02-07 09:55:21",MARUTI,119319,9084.95
234081,"2018-02-07 09:55:21",HDIL,3803769,51.75
234082,"2018-02-07 09:55:24",INFY,590996,1106.25
234083,"2018-02-07 09:55:24",SBIN,3506680,295.3
234084,"2018-02-07 09:55:25",ITC,2452268,277.15
234085,"2018-02-07 09:55:27",HDFCBANK,241440,1884
234086,"2018-02-07 09:55:27",AXISBANK,1321200,568.85
234087,"2018-02-07 09:55:28",KOTAKBANK,1979369,1045.8
234088,"2018-02-07 09:55:32",ITC,2456542,277.15
234089,"2018-02-07 09:55:34",HDIL,3806644,51.85
234090,"2018-02-07 09:55:35",AXISBANK,1321462,568.9
234091,"2018-02-07 09:55:36",ICICIBANK,1530567,333.45
234092,"2018-02-07 09:55:36",INFY,591940,1105.75
234093,"2018-02-07 09:55:38",KOTAKBANK,1979448,1045.7
234094,"2018-02-07 09:55:42",HDFCBANK,242985,1883.9
234095,"2018-02-07 09:55:42",AXISBANK,1322391,568.6
234096,"2018-02-07 09:55:44",INFY,592275,1105.65
234097,"2018-02-07 09:55:46",ICICIBANK,1531716,333.4
234098,"2018-02-07 09:55:49",AXISBANK,1326912,568.3
234099,"2018-02-07 09:55:50",JINDALSTEL,2409874,259.6
234100,"2018-02-07 09:55:52",LT,407936,1356.35
234101,"2018-02-07 09:55:52",SBIN,3517029,295
234102,"2018-02-07 09:55:53",HDFC,708213,1771.1
234103,"2018-02-07 09:55:59",HDFCBANK,243261,1884.15
234104,"2018-02-07 09:56:02",SBIN,3523493,295.2
234105,"2018-02-07 09:56:03",JINDALSTEL,2414408,260
234106,"2018-02-07 09:56:04",AXISBANK,1329978,568.7
234107,"2018-02-07 09:56:05",HDIL,3829385,51.8
234108,"2018-02-07 09:56:06",SBIN,3524077,295.15
234109,"2018-02-07 09:56:09",KOTAKBANK,1979878,1045
234110,"2018-02-07 09:56:09",JINDALSTEL,2418125,259.95
234111,"2018-02-07 09:56:10",ICICIBANK,1540384,333.3
234112,"2018-02-07 09:56:11",HDFC,711693,1770.5
234113,"2018-02-07 09:56:12",AXISBANK,1331677,568.55
234114,"2018-02-07 09:56:13",IDFCBANK,2273803,52.2
234115,"2018-02-07 09:56:18",INFY,603863,1105.8
234116,"2018-02-07 09:56:20",SBIN,3526911,295.1
234117,"2018-02-07 09:56:21",JINDALSTEL,2419874,259.95
234118,"2018-02-07 09:56:22",HDFCBANK,243848,1884.3
234119,"2018-02-07 09:56:25",LT,409736,1356.65
234120,"2018-02-07 09:56:26",KOTAKBANK,1980352,1044.6
234121,"2018-02-07 09:56:28",LT,409819,1356.65
234122,"2018-02-07 09:56:29",HDIL,3839410,51.8
234123,"2018-02-07 09:56:30",ICICIBANK,1541859,333.3
234124,"2018-02-07 09:56:32",AXISBANK,1331983,568.9
234125,"2018-02-07 09:56:33",KOTAKBANK,1980486,1045
234126,"2018-02-07 09:56:35",RELIANCE,1352093,900.8
234127,"2018-02-07 09:56:35",HDIL,3846041,51.85
234128,"2018-02-07 09:56:38",JINDALSTEL,2425736,259.8
234129,"2018-02-07 09:56:39",AXISBANK,1332285,568.95
234130,"2018-02-07 09:56:44",HDFC,717568,1771.1
234131,"2018-02-07 09:56:45",SBIN,3538671,295.3
234132,"2018-02-07 09:56:46",AXISBANK,1333588,568.9
234133,"2018-02-07 09:56:48",JINDALSTEL,2439359,260.1
234134,"2018-02-07 09:56:48",MARUTI,120518,9094.85
234135,"2018-02-07 09:56:48",INFY,606998,1105.6
234136,"2018-02-07 09:56:50",HDFCBANK,244469,1885
234137,"2018-02-07 09:56:53",HDFCBANK,245005,1885
234138,"2018-02-07 09:56:53",AXISBANK,1333968,568.95
234139,"2018-02-07 09:56:54",ITC,2501213,276.95
234140,"2018-02-07 09:56:55",ICICIBANK,1543710,333.3
234141,"2018-02-07 09:56:56",RELIANCE,1357019,900.8
234142,"2018-02-07 09:56:59",JINDALSTEL,2450542,259.95
234143,"2018-02-07 09:57:00",KOTAKBANK,1981497,1045.15
234144,"2018-02-07 09:57:01",MARUTI,120809,9093.95
234145,"2018-02-07 09:57:01",AXISBANK,1336636,569
234146,"2018-02-07 09:57:02",HDFCBANK,245189,1885
234147,"2018-02-07 09:57:06",SBIN,3539469,295.3
234148,"2018-02-07 09:57:07",HDFC,727656,1772.15
234149,"2018-02-07 09:57:08",INFY,609667,1105.55
234150,"2018-02-07 09:57:08",RELIANCE,1357333,900.7
234151,"2018-02-07 09:57:08",ICICIBANK,1544717,333.4
234152,"2018-02-07 09:57:11",IDFCBANK,2312166,52.2
234153,"2018-02-07 09:57:14",JINDALSTEL,2450662,259.95
234154,"2018-02-07 09:57:14",HDIL,3858041,51.85
234155,"2018-02-07 09:57:15",SBIN,3540354,295.2
234156,"2018-02-07 09:57:15",AXISBANK,1336836,569
234157,"2018-02-07 09:57:15",HDFCBANK,245932,1885
234158,"2018-02-07 09:57:17",LT,417794,1355.9
234159,"2018-02-07 09:57:20",AXISBANK,1343743,569.4
234160,"2018-02-07 09:57:21",INFY,610736,1105.6
234161,"2018-02-07 09:57:22",HDFCBANK,246291,1884.15
234162,"2018-02-07 09:57:23",JINDALSTEL,2451049,260
234163,"2018-02-07 09:57:23",RELIANCE,1359685,900.7
234164,"2018-02-07 09:57:26",AXISBANK,1345545,570
234165,"2018-02-07 09:57:27",HDFCBANK,246506,1885.1
234166,"2018-02-07 09:57:28",MARUTI,121968,9080.15
234167,"2018-02-07 09:57:29",LT,418383,1355.8
234168,"2018-02-07 09:57:31",ITC,2531537,277.1
234169,"2018-02-07 09:57:33",AXISBANK,1352764,570.6
234170,"2018-02-07 09:57:36",MARUTI,122047,9088.8
234171,"2018-02-07 09:57:36",SBIN,3550828,295.5
234172,"2018-02-07 09:57:36",JINDALSTEL,2464070,260.55
234173,"2018-02-07 09:57:41",HDFC,735327,1772.1
234174,"2018-02-07 09:57:43",JINDALSTEL,2467456,260.6
234175,"2018-02-07 09:57:43",KOTAKBANK,1982225,1045.55
234176,"2018-02-07 09:57:43",MARUTI,122081,9090
234177,"2018-02-07 09:57:45",AXISBANK,1354521,570.2
234178,"2018-02-07 09:57:48",HDFCBANK,247568,1886.35
234179,"2018-02-07 09:57:50",ICICIBANK,1565272,333.55
234180,"2018-02-07 09:57:50",JINDALSTEL,2469277,260.5
234181,"2018-02-07 09:57:52",LT,420433,1356.15
234182,"2018-02-07 09:57:52",SBIN,3553467,295.3
234183,"2018-02-07 09:57:55",AXISBANK,1355816,570.3
234184,"2018-02-07 09:57:56",IDFCBANK,2330422,52.25
234185,"2018-02-07 09:57:56",INFY,614875,1105.6
234186,"2018-02-07 09:57:57",HDFCBANK,248076,1886.05
234187,"2018-02-07 09:57:59",ITC,2539270,277.05
234188,"2018-02-07 09:58:02",INFY,615745,1105.5
234189,"2018-02-07 09:58:03",HDFC,738222,1771.1
234190,"2018-02-07 09:58:04",KOTAKBANK,1982378,1045.65
234191,"2018-02-07 09:58:04",AXISBANK,1357249,570
234192,"2018-02-07 09:58:05",SBIN,3555336,295.3
234193,"2018-02-07 09:58:05",ITC,2541035,277.05
234194,"2018-02-07 09:58:08",JINDALSTEL,2474975,260.3
234195,"2018-02-07 09:58:09",LT,421052,1356.55
234196,"2018-02-07 09:58:10",AXISBANK,1359878,570
234197,"2018-02-07 09:58:11",ICICIBANK,1568416,333.4
234198,"2018-02-07 09:58:17",ICICIBANK,1568529,333.4
234199,"2018-02-07 09:58:18",HDFCBANK,250363,1886.5
234200,"2018-02-07 09:58:18",HDIL,3872131,51.9
234201,"2018-02-07 09:58:18",ITC,2545151,276.95
234202,"2018-02-07 09:58:18",AXISBANK,1360175,570.15
234203,"2018-02-07 09:58:22",INFY,616654,1105.55
234204,"2018-02-07 09:58:23",MARUTI,122566,9090.75
234205,"2018-02-07 09:58:24",KOTAKBANK,1982514,1045
234206,"2018-02-07 09:58:26",JINDALSTEL,2475420,260.15
234207,"2018-02-07 09:58:26",LT,423829,1357.5
234208,"2018-02-07 09:58:29",AXISBANK,1360692,570.6
234209,"2018-02-07 09:58:31",JINDALSTEL,2476990,260.5
234210,"2018-02-07 09:58:32",HDIL,3875628,51.9
234211,"2018-02-07 09:58:32",MARUTI,122630,9093.8
234212,"2018-02-07 09:58:36",JINDALSTEL,2483975,260.5
234213,"2018-02-07 09:58:37",SBIN,3570095,295.35
234214,"2018-02-07 09:58:37",AXISBANK,1362589,571
234215,"2018-02-07 09:58:38",ITC,2554337,277
234216,"2018-02-07 09:58:39",ICICIBANK,1570221,333.4
234217,"2018-02-07 09:58:42",HDFC,744853,1771.5
234218,"2018-02-07 09:58:43",HDIL,3891785,52
234219,"2018-02-07 09:58:45",AXISBANK,1365955,571.2
234220,"2018-02-07 09:58:45",ICICIBANK,1570715,333.65
234221,"2018-02-07 09:58:46",IDFCBANK,2357542,52.25
234222,"2018-02-07 09:58:49",SBIN,3578984,295.5
234223,"2018-02-07 09:58:51",AXISBANK,1373448,570.6
234224,"2018-02-07 09:58:52",IDFCBANK,2358725,52.2
234225,"2018-02-07 09:58:52",LT,431792,1358
234226,"2018-02-07 09:58:54",KOTAKBANK,1983017,1045.3
234227,"2018-02-07 09:58:56",INFY,620590,1105.95
234228,"2018-02-07 09:58:58",ICICIBANK,1572723,333.65
234229,"2018-02-07 09:58:58",HDFC,745503,1771.65
234230,"2018-02-07 09:58:59",ITC,2575700,277
234231,"2018-02-07 09:59:00",AXISBANK,1376161,570.55
234232,"2018-02-07 09:59:03",MARUTI,123138,9090
234233,"2018-02-07 09:59:04",INFY,621297,1105.75
234234,"2018-02-07 09:59:04",JINDALSTEL,2510174,260.35
234235,"2018-02-07 09:59:06",AXISBANK,1378565,571
234236,"2018-02-07 09:59:09",RELIANCE,1401018,902.7
234237,"2018-02-07 09:59:13",JINDALSTEL,2510781,260.75
234238,"2018-02-07 09:59:13",ICICIBANK,1574425,333.65
234239,"2018-02-07 09:59:13",ITC,2579982,277
234240,"2018-02-07 09:59:15",IDFCBANK,2378260,52.25
234241,"2018-02-07 09:59:16",HDFC,746508,1771.6
234242,"2018-02-07 09:59:19",SBIN,3594609,295.6
234243,"2018-02-07 09:59:19",INFY,622988,1105.65
234244,"2018-02-07 09:59:19",HDFCBANK,262352,1887
234245,"2018-02-07 09:59:19",AXISBANK,1389372,571.8
234246,"2018-02-07 09:59:20",ITC,2590864,277.05
234247,"2018-02-07 09:59:23",ITC,2593647,276.95
234248,"2018-02-07 09:59:25",KOTAKBANK,1983331,1045.65
234249,"2018-02-07 09:59:26",AXISBANK,1410585,571.55
234250,"2018-02-07 09:59:26",SBIN,3595221,295.65
234251,"2018-02-07 09:59:27",HDFCBANK,263327,1886.95
234252,"2018-02-07 09:59:31",AXISBANK,1417230,572.35
234253,"2018-02-07 09:59:33",MARUTI,123346,9098.8
234254,"2018-02-07 09:59:33",HDIL,3902486,52
234255,"2018-02-07 09:59:33",SBIN,3597398,295.6
234256,"2018-02-07 09:59:34",HDIL,3900347,51.95
234257,"2018-02-07 09:59:38",ITC,2596263,276.9
234258,"2018-02-07 09:59:40",IDFCBANK,2381382,52.2
234259,"2018-02-07 09:59:40",ITC,2597157,276.9
234260,"2018-02-07 09:59:42",HDIL,3905286,51.95
234261,"2018-02-07 09:59:43",JINDALSTEL,2527248,260.7
234262,"2018-02-07 09:59:46",AXISBANK,1428113,572.5
234263,"2018-02-07 09:59:49",JINDALSTEL,2528431,260.7
234264,"2018-02-07 09:59:50",AXISBANK,1446684,573
234265,"2018-02-07 09:59:53",INFY,626905,1105.7
234266,"2018-02-07 09:59:55",SBIN,3600253,295.7
234267,"2018-02-07 09:59:58",ITC,2599418,276.9
234268,"2018-02-07 10:00:01",KOTAKBANK,1983392,1045.55
234269,"2018-02-07 10:00:01",HDFCBANK,265216,1887.45
234270,"2018-02-07 10:00:02",SBIN,3602039,295.8
234271,"2018-02-07 10:00:02",ICICIBANK,1580622,333.7
234272,"2018-02-07 10:00:05",ITC,2605165,276.7
234273,"2018-02-07 10:00:05",HDFC,749136,1771.3
234274,"2018-02-07 10:00:08",AXISBANK,1459880,572.7
234275,"2018-02-07 10:00:09",IDFCBANK,2393057,52.25
234276,"2018-02-07 10:00:11",KOTAKBANK,1983524,1045.1
234277,"2018-02-07 10:00:11",SBIN,3603281,295.75
234278,"2018-02-07 10:00:15",HDFC,749611,1771.2
234279,"2018-02-07 10:00:15",HDFCBANK,266090,1885.8
234280,"2018-02-07 10:00:16",AXISBANK,1471187,572.5
234281,"2018-02-07 10:00:16",RELIANCE,1424294,902.95
234282,"2018-02-07 10:00:17",ICICIBANK,1583571,333.45
234283,"2018-02-07 10:00:17",RELIANCE,1426049,903.05
234284,"2018-02-07 10:00:19",IDFCBANK,2395422,52.25
234285,"2018-02-07 10:00:21",MARUTI,123918,9093.9
234286,"2018-02-07 10:00:22",HDFCBANK,266497,1886.9
234287,"2018-02-07 10:00:23",SBIN,3612302,295.65
234288,"2018-02-07 10:00:24",AXISBANK,1483185,571.65
234289,"2018-02-07 10:00:25",HDFC,751215,1771
234290,"2018-02-07 10:00:25",HDFC,752250,1770.9
234291,"2018-02-07 10:00:27",AXISBANK,1496889,572.9
234292,"2018-02-07 10:00:29",HDIL,3920227,52
234293,"2018-02-07 10:00:31",SBIN,3616515,295.5
234294,"2018-02-07 10:00:32",ICICIBANK,1589780,333.65
234295,"2018-02-07 10:00:34",ITC,2682936,276.25
234296,"2018-02-07 10:00:35",LT,467129,1361.4
234297,"2018-02-07 10:00:38",AXISBANK,1499238,573.35
234298,"2018-02-07 10:00:40",HDFCBANK,267423,1887.4
234299,"2018-02-07 10:00:41",KOTAKBANK,1983803,1045.4
234300,"2018-02-07 10:00:42",AXISBANK,1511066,573.8
234301,"2018-02-07 10:00:45",JINDALSTEL,2561958,261.1
234302,"2018-02-07 10:00:45",MARUTI,124230,9089.7
234303,"2018-02-07 10:00:46",HDFC,755555,1772.05
234304,"2018-02-07 10:00:49",RELIANCE,1430763,903.3
234305,"2018-02-07 10:00:52",SBIN,3618456,295.5
