id,curr_time,symbol,volume,price
217516,"2018-02-01 15:33:22",RELIANCE,7552909,943.85
217515,"2018-02-01 15:32:41",HDFC,3837200,1967.55
217514,"2018-02-01 15:32:08",IDFCBANK,8765322,56.1
217513,"2018-02-01 15:31:46",ITC,59232276,275.3
217512,"2018-02-01 15:31:12",MARUTI,550787,9389
217511,"2018-02-01 15:31:11",SBIN,19509953,305.4
217510,"2018-02-01 15:30:40",HDFCBANK,1628425,1986.5
217509,"2018-02-01 15:30:38",KOTAKBANK,3856110,1120.55
217508,"2018-02-01 15:30:36",INFY,6501304,1144
217507,"2018-02-01 15:30:35",AXISBANK,7837857,592.45
217506,"2018-02-01 15:30:29",JINDALSTEL,9363547,265.85
217504,"2018-02-01 15:30:24",LT,8185929,1458
217505,"2018-02-01 15:30:24",ICICIBANK,29470870,346.8
217503,"2018-02-01 15:30:18",HDIL,13422605,56.6
217502,"2018-02-01 15:30:02",IDFCBANK,8761514,56.05
217500,"2018-02-01 15:29:57",JINDALSTEL,9361077,265.9
217501,"2018-02-01 15:29:57",AXISBANK,7837008,592.5
217499,"2018-02-01 15:29:50",IDFCBANK,8751984,56.05
217498,"2018-02-01 15:29:49",AXISBANK,7835657,591.55
217497,"2018-02-01 15:29:42",HDFC,3832432,1967.35
217496,"2018-02-01 15:29:41",INFY,6486339,1142.5
217495,"2018-02-01 15:29:38",HDIL,13382163,56.5
217494,"2018-02-01 15:29:36",RELIANCE,7538616,945.95
217493,"2018-02-01 15:29:35",LT,8181946,1459.9
217492,"2018-02-01 15:29:31",HDIL,13365243,56.45
217491,"2018-02-01 15:29:25",LT,8179235,1460
217490,"2018-02-01 15:29:23",IDFCBANK,8742773,56.1
217487,"2018-02-01 15:29:20",IDFCBANK,8736676,56.1
217488,"2018-02-01 15:29:20",ITC,59085821,275.65
217489,"2018-02-01 15:29:20",MARUTI,548497,9394.55
217486,"2018-02-01 15:29:19",AXISBANK,7828300,592.6
217483,"2018-02-01 15:29:14",INFY,6458592,1141.45
217484,"2018-02-01 15:29:14",MARUTI,548259,9394.7
217485,"2018-02-01 15:29:14",KOTAKBANK,3833802,1120
217482,"2018-02-01 15:29:09",AXISBANK,7827796,592.7
217481,"2018-02-01 15:29:07",HDFCBANK,1614355,1988.8
217480,"2018-02-01 15:29:05",IDFCBANK,8734501,56.05
217479,"2018-02-01 15:29:04",HDIL,13338716,56.45
217478,"2018-02-01 15:28:59",JINDALSTEL,9337718,265.7
217475,"2018-02-01 15:28:56",SBIN,19445249,305.3
217476,"2018-02-01 15:28:56",RELIANCE,7514913,945.7
217477,"2018-02-01 15:28:56",HDFC,3823703,1967.85
217474,"2018-02-01 15:28:55",AXISBANK,7826733,593.3
217473,"2018-02-01 15:28:53",MARUTI,547844,9395
217472,"2018-02-01 15:28:52",JINDALSTEL,9335241,265.85
217471,"2018-02-01 15:28:51",ITC,58979486,275.95
217469,"2018-02-01 15:28:50",HDFCBANK,1613627,1986.1
217470,"2018-02-01 15:28:50",KOTAKBANK,3816689,1120.3
217467,"2018-02-01 15:28:47",HDFC,3819587,1968
217468,"2018-02-01 15:28:47",LT,8173940,1460
217466,"2018-02-01 15:28:46",AXISBANK,7826316,593.4
217465,"2018-02-01 15:28:44",LT,8171372,1458.7
217464,"2018-02-01 15:28:42",KOTAKBANK,3814837,1120.25
217462,"2018-02-01 15:28:41",HDFCBANK,1608738,1987
217463,"2018-02-01 15:28:41",ICICIBANK,29304802,346.6
217461,"2018-02-01 15:28:38",RELIANCE,7506801,945.3
217460,"2018-02-01 15:28:30",AXISBANK,7824234,593.25
217459,"2018-02-01 15:28:27",AXISBANK,7823256,593.45
217458,"2018-02-01 15:28:22",HDIL,13303169,56.5
217457,"2018-02-01 15:28:14",RELIANCE,7501422,945.3
217456,"2018-02-01 15:28:13",AXISBANK,7823078,593.45
217455,"2018-02-01 15:28:05",HDFC,3810461,1968.85
217454,"2018-02-01 15:27:59",RELIANCE,7495960,945.6
217453,"2018-02-01 15:27:58",IDFCBANK,8713879,56.05
217452,"2018-02-01 15:27:57",HDIL,13291509,56.55
217451,"2018-02-01 15:27:56",AXISBANK,7816917,594
217450,"2018-02-01 15:27:55",ICICIBANK,29215359,347.15
217449,"2018-02-01 15:27:53",ITC,58869063,276.3
217448,"2018-02-01 15:27:51",INFY,6419956,1142.45
217446,"2018-02-01 15:27:47",AXISBANK,7815477,593.5
217447,"2018-02-01 15:27:47",ITC,58826358,276.2
217444,"2018-02-01 15:27:40",ICICIBANK,29155617,347.25
217445,"2018-02-01 15:27:40",JINDALSTEL,9312733,266
217443,"2018-02-01 15:27:39",HDFC,3806138,1967.65
217442,"2018-02-01 15:27:36",SBIN,19372836,305.45
217441,"2018-02-01 15:27:35",RELIANCE,7488513,945.85
217440,"2018-02-01 15:27:32",INFY,6418817,1143.1
217439,"2018-02-01 15:27:31",RELIANCE,7486539,945.25
217438,"2018-02-01 15:27:29",LT,8155893,1458
217436,"2018-02-01 15:27:20",JINDALSTEL,9303082,266
217437,"2018-02-01 15:27:20",RELIANCE,7483812,945.6
217435,"2018-02-01 15:27:17",AXISBANK,7810377,593.6
217434,"2018-02-01 15:27:11",JINDALSTEL,9298167,265.85
217433,"2018-02-01 15:27:10",AXISBANK,7809629,593.5
217432,"2018-02-01 15:27:09",IDFCBANK,8695392,56.1
217431,"2018-02-01 15:27:08",ICICIBANK,29142197,347.2
217430,"2018-02-01 15:27:07",MARUTI,545648,9395.5
217429,"2018-02-01 15:27:06",INFY,6413064,1143
217428,"2018-02-01 15:27:05",ITC,58694529,276.05
217427,"2018-02-01 15:27:03",HDFCBANK,1592378,1990
217426,"2018-02-01 15:27:02",JINDALSTEL,9291066,265.85
217423,"2018-02-01 15:26:58",INFY,6408698,1143.9
217424,"2018-02-01 15:26:58",KOTAKBANK,3768243,1119.15
217425,"2018-02-01 15:26:58",HDFC,3791968,1969.4
217421,"2018-02-01 15:26:57",SBIN,19339263,305.4
217422,"2018-02-01 15:26:57",AXISBANK,7808144,593.6
217420,"2018-02-01 15:26:52",HDFCBANK,1590886,1990.55
217418,"2018-02-01 15:26:50",SBIN,19335995,305.4
217419,"2018-02-01 15:26:50",AXISBANK,7806239,593.6
217417,"2018-02-01 15:26:47",JINDALSTEL,9290371,265.85
217414,"2018-02-01 15:26:46",HDFC,3787137,1969.95
217415,"2018-02-01 15:26:46",HDIL,13153846,56.4
217416,"2018-02-01 15:26:46",AXISBANK,7804292,593.7
217413,"2018-02-01 15:26:45",LT,8143717,1458.3
217412,"2018-02-01 15:26:41",ICICIBANK,29057371,347
217411,"2018-02-01 15:26:40",INFY,6389014,1145.1
217409,"2018-02-01 15:26:36",IDFCBANK,8689234,56.1
217410,"2018-02-01 15:26:36",KOTAKBANK,3764798,1120.45
217408,"2018-02-01 15:26:33",MARUTI,544948,9392.45
217407,"2018-02-01 15:26:32",HDFC,3785532,1969.95
217405,"2018-02-01 15:26:31",INFY,6388078,1145.2
217406,"2018-02-01 15:26:31",HDFCBANK,1586389,1990.75
217404,"2018-02-01 15:26:30",JINDALSTEL,9287327,265.8
217403,"2018-02-01 15:26:28",AXISBANK,7803298,593.75
217401,"2018-02-01 15:26:25",RELIANCE,7463109,945.55
217402,"2018-02-01 15:26:25",HDFCBANK,1585615,1989.8
217400,"2018-02-01 15:26:21",MARUTI,544849,9391.5
217398,"2018-02-01 15:26:20",INFY,6385475,1146.05
217399,"2018-02-01 15:26:20",AXISBANK,7801742,594.25
217397,"2018-02-01 15:26:19",JINDALSTEL,9285868,265.85
217396,"2018-02-01 15:26:18",LT,8132856,1458.5
217395,"2018-02-01 15:26:17",HDIL,13141270,56.4
217394,"2018-02-01 15:26:15",SBIN,19315297,305.45
217393,"2018-02-01 15:26:14",INFY,6382644,1146.3
217392,"2018-02-01 15:26:13",HDFCBANK,1584324,1990.9
217391,"2018-02-01 15:26:12",MARUTI,544734,9388.1
217390,"2018-02-01 15:26:09",AXISBANK,7800068,594.35
217389,"2018-02-01 15:26:08",KOTAKBANK,3762625,1119.7
217388,"2018-02-01 15:26:07",AXISBANK,7797943,594.35
217385,"2018-02-01 15:26:06",SBIN,19310488,305.35
217386,"2018-02-01 15:26:06",AXISBANK,7797703,594.6
217387,"2018-02-01 15:26:06",INFY,6382246,1145.35
217384,"2018-02-01 15:26:04",LT,8128236,1458.2
217383,"2018-02-01 15:26:03",ICICIBANK,29010660,347.15
217382,"2018-02-01 15:26:02",LT,8126427,1458.95
217380,"2018-02-01 15:26:00",HDFC,3775892,1969.75
217381,"2018-02-01 15:26:00",INFY,6380191,1145.2
217378,"2018-02-01 15:25:59",INFY,6379628,1145.5
217379,"2018-02-01 15:25:59",RELIANCE,7452417,945.9
217377,"2018-02-01 15:25:57",IDFCBANK,8686363,56.1
217376,"2018-02-01 15:25:55",AXISBANK,7796694,594.6
217373,"2018-02-01 15:25:54",HDFC,3773153,1968.8
217374,"2018-02-01 15:25:54",RELIANCE,7448448,945.85
217375,"2018-02-01 15:25:54",SBIN,19302418,305.3
217372,"2018-02-01 15:25:53",ICICIBANK,28984680,347
217371,"2018-02-01 15:25:50",KOTAKBANK,3759864,1119.55
217370,"2018-02-01 15:25:49",AXISBANK,7794925,594.45
217369,"2018-02-01 15:25:48",IDFCBANK,8675427,56.2
217367,"2018-02-01 15:25:44",RELIANCE,7444649,945.85
217368,"2018-02-01 15:25:44",ICICIBANK,28941052,347
217366,"2018-02-01 15:25:41",AXISBANK,7793869,594.2
217365,"2018-02-01 15:25:36",KOTAKBANK,3757755,1120
217364,"2018-02-01 15:25:35",HDIL,13082445,56.4
217363,"2018-02-01 15:25:30",HDFC,3771319,1967.25
217361,"2018-02-01 15:25:29",SBIN,19281286,305.45
217362,"2018-02-01 15:25:29",HDFC,3770843,1967.5
217360,"2018-02-01 15:25:28",RELIANCE,7431036,945.8
217359,"2018-02-01 15:25:22",KOTAKBANK,3756939,1120.3
217357,"2018-02-01 15:25:20",JINDALSTEL,9267045,265.8
217358,"2018-02-01 15:25:20",MARUTI,538212,9380
217356,"2018-02-01 15:25:19",AXISBANK,7792662,594
217355,"2018-02-01 15:25:18",HDFCBANK,1579979,1991
217353,"2018-02-01 15:25:14",SBIN,19276170,305.45
217354,"2018-02-01 15:25:14",ITC,58294239,275.65
217352,"2018-02-01 15:25:11",ICICIBANK,28847752,347.1
217350,"2018-02-01 15:25:08",IDFCBANK,8667437,56.1
217351,"2018-02-01 15:25:08",AXISBANK,7790695,594
217349,"2018-02-01 15:25:06",MARUTI,537238,9379.9
217347,"2018-02-01 15:25:05",HDFC,3767291,1966.9
217348,"2018-02-01 15:25:05",LT,8118525,1457.55
217345,"2018-02-01 15:25:03",ITC,58261158,275.6
217346,"2018-02-01 15:25:03",LT,8117980,1457.7
217342,"2018-02-01 15:25:00",MARUTI,534915,9385
217343,"2018-02-01 15:25:00",JINDALSTEL,9261300,265.85
217344,"2018-02-01 15:25:00",IDFCBANK,8660427,56.1
217341,"2018-02-01 15:24:58",AXISBANK,7788325,594.15
217340,"2018-02-01 15:24:57",HDFC,3763690,1966.5
217339,"2018-02-01 15:24:55",HDFCBANK,1576849,1991.6
217338,"2018-02-01 15:24:54",MARUTI,533450,9388.2
217337,"2018-02-01 15:24:50",SBIN,19267431,305.4
217336,"2018-02-01 15:24:49",AXISBANK,7787429,594.15
217335,"2018-02-01 15:24:48",KOTAKBANK,3752808,1120.95
217334,"2018-02-01 15:24:45",RELIANCE,7418209,945.05
217332,"2018-02-01 15:24:43",AXISBANK,7784635,594.15
217333,"2018-02-01 15:24:43",HDIL,13040451,56.35
217331,"2018-02-01 15:24:42",IDFCBANK,8654595,56.15
217330,"2018-02-01 15:24:41",MARUTI,532578,9395
217329,"2018-02-01 15:24:40",INFY,6371577,1144.75
217328,"2018-02-01 15:24:38",HDIL,13034511,56.4
217327,"2018-02-01 15:24:36",AXISBANK,7782600,594.25
217326,"2018-02-01 15:24:35",KOTAKBANK,3750454,1120.95
217325,"2018-02-01 15:24:34",ICICIBANK,28110159,346.4
217324,"2018-02-01 15:24:30",ITC,58184018,276.2
217322,"2018-02-01 15:24:28",AXISBANK,7780861,594
217323,"2018-02-01 15:24:28",HDFCBANK,1572025,1990.55
217321,"2018-02-01 15:24:27",HDFC,3758215,1965.8
217320,"2018-02-01 15:24:24",RELIANCE,7406626,944.95
217319,"2018-02-01 15:24:23",INFY,6368669,1144.75
217318,"2018-02-01 15:24:21",MARUTI,531319,9399.7
217317,"2018-02-01 15:24:20",AXISBANK,7778827,593.95
217316,"2018-02-01 15:24:18",LT,8109645,1457.85
217315,"2018-02-01 15:24:14",SBIN,19244031,305.35
217313,"2018-02-01 15:24:09",INFY,6368264,1144.8
217314,"2018-02-01 15:24:09",AXISBANK,7778462,593.7
217312,"2018-02-01 15:24:05",ICICIBANK,28078102,346.4
217311,"2018-02-01 15:24:04",MARUTI,531030,9399
217310,"2018-02-01 15:24:03",INFY,6367305,1144.9
217309,"2018-02-01 15:24:02",AXISBANK,7777340,593.5
217308,"2018-02-01 15:23:59",ITC,58019405,275.75
217307,"2018-02-01 15:23:58",KOTAKBANK,3747560,1120.95
217305,"2018-02-01 15:23:56",HDFCBANK,1570407,1989.7
217306,"2018-02-01 15:23:56",HDIL,12984846,56.4
217304,"2018-02-01 15:23:55",JINDALSTEL,9245830,265.65
217303,"2018-02-01 15:23:53",HDFC,3746241,1967
217302,"2018-02-01 15:23:52",AXISBANK,7776502,593.65
217301,"2018-02-01 15:23:48",LT,8102360,1458.6
217300,"2018-02-01 15:23:47",IDFCBANK,8647453,56.15
217299,"2018-02-01 15:23:45",LT,8101280,1458.65
217297,"2018-02-01 15:23:44",ITC,57942471,275.5
217298,"2018-02-01 15:23:44",JINDALSTEL,9242578,265.5
217296,"2018-02-01 15:23:39",AXISBANK,7774779,593.7
217295,"2018-02-01 15:23:36",INFY,6365849,1144.9
217294,"2018-02-01 15:23:35",ICICIBANK,27765269,346.6
217293,"2018-02-01 15:23:32",IDFCBANK,8638507,56.15
217291,"2018-02-01 15:23:30",ICICIBANK,27736174,346.55
217292,"2018-02-01 15:23:30",KOTAKBANK,3745661,1120.6
217290,"2018-02-01 15:23:23",IDFCBANK,8631407,56.05
217289,"2018-02-01 15:23:20",ICICIBANK,27682753,346.5
217287,"2018-02-01 15:23:17",RELIANCE,7392687,944.3
217288,"2018-02-01 15:23:17",ITC,57846974,275.35
217286,"2018-02-01 15:23:16",INFY,6361407,1145.35
217285,"2018-02-01 15:23:12",AXISBANK,7771996,593.45
217284,"2018-02-01 15:23:10",KOTAKBANK,3744037,1120.9
217283,"2018-02-01 15:23:09",MARUTI,529957,9395.2
217282,"2018-02-01 15:23:03",AXISBANK,7771310,593.2
217280,"2018-02-01 15:23:01",HDIL,12922297,56.45
217281,"2018-02-01 15:23:01",MARUTI,529749,9395
217279,"2018-02-01 15:23:00",HDFCBANK,1563064,1990.85
217278,"2018-02-01 15:22:56",ICICIBANK,27485479,346.5
217277,"2018-02-01 15:22:54",HDFC,3736541,1967.7
217276,"2018-02-01 15:22:53",MARUTI,529176,9400
217275,"2018-02-01 15:22:49",AXISBANK,7768258,593.5
217274,"2018-02-01 15:22:48",HDFCBANK,1557229,1991.95
217272,"2018-02-01 15:22:45",INFY,6346102,1145.25
217273,"2018-02-01 15:22:45",AXISBANK,7767287,593.65
217271,"2018-02-01 15:22:44",LT,8084749,1458.7
217270,"2018-02-01 15:22:43",ICICIBANK,27438014,346.5
217269,"2018-02-01 15:22:39",MARUTI,527681,9392.85
217268,"2018-02-01 15:22:38",MARUTI,527596,9392.75
217267,"2018-02-01 15:22:37",ITC,57622907,275.25
217266,"2018-02-01 15:22:33",ICICIBANK,27429879,346.65
217265,"2018-02-01 15:22:32",AXISBANK,7762370,593.35
217264,"2018-02-01 15:22:30",HDFC,3730199,1967.25
217262,"2018-02-01 15:22:29",AXISBANK,7761849,593.6
217263,"2018-02-01 15:22:29",INFY,6342356,1144.65
217261,"2018-02-01 15:22:28",ICICIBANK,27419147,346.65
217260,"2018-02-01 15:22:25",RELIANCE,7367907,944.95
217259,"2018-02-01 15:22:23",HDIL,12902046,56.4
217258,"2018-02-01 15:22:21",KOTAKBANK,3737375,1122.05
217257,"2018-02-01 15:22:19",INFY,6341270,1144.65
217255,"2018-02-01 15:22:17",JINDALSTEL,9209530,265.8
217256,"2018-02-01 15:22:17",ICICIBANK,27293941,346.1
217254,"2018-02-01 15:22:15",IDFCBANK,8527225,56.15
217253,"2018-02-01 15:22:14",AXISBANK,7759433,593.2
217252,"2018-02-01 15:22:10",IDFCBANK,8524685,56.15
217251,"2018-02-01 15:22:08",SBIN,19013003,305.3
217250,"2018-02-01 15:22:06",JINDALSTEL,9209030,265.65
217249,"2018-02-01 15:22:04",AXISBANK,7759029,593.3
217248,"2018-02-01 15:22:03",HDIL,12852159,56.6
217247,"2018-02-01 15:22:02",HDFC,3723075,1966.55
217246,"2018-02-01 15:22:00",LT,8067448,1459.2
217245,"2018-02-01 15:21:59",SBIN,18996532,305.4
217244,"2018-02-01 15:21:56",KOTAKBANK,3732967,1122.15
217241,"2018-02-01 15:21:54",MARUTI,526826,9386.5
217242,"2018-02-01 15:21:54",JINDALSTEL,9201063,265.5
217243,"2018-02-01 15:21:54",AXISBANK,7754471,593.6
217240,"2018-02-01 15:21:53",RELIANCE,7352289,944.95
217239,"2018-02-01 15:21:47",HDFC,3721789,1966.95
217238,"2018-02-01 15:21:46",IDFCBANK,8516188,56.1
217236,"2018-02-01 15:21:45",SBIN,18987483,305.1
217237,"2018-02-01 15:21:45",HDIL,12838280,56.5
217235,"2018-02-01 15:21:44",LT,8065164,1459.2
217234,"2018-02-01 15:21:41",HDFC,3721560,1966.95
217233,"2018-02-01 15:21:39",RELIANCE,7350521,944.6
217232,"2018-02-01 15:21:38",LT,8061668,1459.4
217231,"2018-02-01 15:21:37",AXISBANK,7749322,593.5
217230,"2018-02-01 15:21:34",IDFCBANK,8509876,56.05
217229,"2018-02-01 15:21:33",RELIANCE,7346944,944.05
217228,"2018-02-01 15:21:32",LT,8052723,1459
217226,"2018-02-01 15:21:31",SBIN,18946430,305.5
217227,"2018-02-01 15:21:31",INFY,6325188,1146.4
217225,"2018-02-01 15:21:27",ITC,57441201,275
217223,"2018-02-01 15:21:26",HDFCBANK,1552212,1990.55
217224,"2018-02-01 15:21:26",MARUTI,525713,9386.2
217222,"2018-02-01 15:21:20",MARUTI,525452,9385.6
217221,"2018-02-01 15:21:17",SBIN,18931017,305.35
217220,"2018-02-01 15:21:15",AXISBANK,7747247,593.25
217217,"2018-02-01 15:21:14",LT,8048474,1458.55
217218,"2018-02-01 15:21:14",HDIL,12794282,56.55
217219,"2018-02-01 15:21:14",RELIANCE,7339948,943.85
217215,"2018-02-01 15:21:10",ITC,57378455,275.1
217216,"2018-02-01 15:21:10",ICICIBANK,27226517,346.05
217212,"2018-02-01 15:21:07",LT,8047239,1458.4
217213,"2018-02-01 15:21:07",HDIL,12765201,56.65
217214,"2018-02-01 15:21:07",HDFC,3718549,1966.8
217211,"2018-02-01 15:21:04",AXISBANK,7745270,593.25
217210,"2018-02-01 15:21:03",RELIANCE,7337354,944
217209,"2018-02-01 15:21:01",JINDALSTEL,9180932,265.7
217208,"2018-02-01 15:20:58",AXISBANK,7742918,593.25
217207,"2018-02-01 15:20:55",RELIANCE,7333411,943.95
217205,"2018-02-01 15:20:53",HDIL,12761031,56.65
217206,"2018-02-01 15:20:53",HDFCBANK,1548474,1991.05
217203,"2018-02-01 15:20:52",IDFCBANK,8492670,56.05
217204,"2018-02-01 15:20:52",SBIN,18906517,305.4
217202,"2018-02-01 15:20:51",INFY,6316503,1146.05
217201,"2018-02-01 15:20:48",HDIL,12756670,56.7
217199,"2018-02-01 15:20:47",LT,8044260,1458.2
217200,"2018-02-01 15:20:47",RELIANCE,7330891,943.9
217198,"2018-02-01 15:20:44",AXISBANK,7742020,593.15
217197,"2018-02-01 15:20:42",ITC,57314151,275.15
217196,"2018-02-01 15:20:39",ITC,57294321,275.2
217195,"2018-02-01 15:20:37",JINDALSTEL,9168396,265.9
217192,"2018-02-01 15:20:35",HDFC,3715641,1968.15
217193,"2018-02-01 15:20:35",AXISBANK,7739025,593.2
217194,"2018-02-01 15:20:35",HDIL,12754151,56.7
217191,"2018-02-01 15:20:34",MARUTI,524509,9390.15
217190,"2018-02-01 15:20:32",INFY,6312569,1145.9
217188,"2018-02-01 15:20:30",INFY,6308031,1145.75
217189,"2018-02-01 15:20:30",ITC,57293555,275.25
217187,"2018-02-01 15:20:29",RELIANCE,7325853,943.65
217186,"2018-02-01 15:20:25",JINDALSTEL,9167556,265.9
217185,"2018-02-01 15:20:24",IDFCBANK,8480276,56.05
217184,"2018-02-01 15:20:23",MARUTI,524291,9393
217183,"2018-02-01 15:20:20",AXISBANK,7737433,592.95
217182,"2018-02-01 15:20:19",HDFC,3707879,1966.8
217181,"2018-02-01 15:20:18",HDFCBANK,1539694,1990.55
217179,"2018-02-01 15:20:16",RELIANCE,7321570,943.65
217180,"2018-02-01 15:20:16",HDIL,12726147,56.75
217178,"2018-02-01 15:20:12",LT,8034145,1460
217175,"2018-02-01 15:20:11",IDFCBANK,8479750,56.1
217176,"2018-02-01 15:20:11",HDFC,3704632,1968.1
217177,"2018-02-01 15:20:11",SBIN,18839321,305.7
217174,"2018-02-01 15:20:10",INFY,6289106,1145.65
217173,"2018-02-01 15:20:08",AXISBANK,7735658,592.85
217172,"2018-02-01 15:20:04",HDFCBANK,1538993,1990.35
217171,"2018-02-01 15:20:03",SBIN,18828428,305.4
217170,"2018-02-01 15:20:02",MARUTI,523377,9391
217169,"2018-02-01 15:20:01",ITC,57185195,275.25
217168,"2018-02-01 15:19:58",AXISBANK,7734848,592.9
217166,"2018-02-01 15:19:56",HDFC,3698711,1968.4
217167,"2018-02-01 15:19:56",HDFCBANK,1536020,1990.5
217165,"2018-02-01 15:19:55",INFY,6280881,1144.45
217164,"2018-02-01 15:19:51",KOTAKBANK,3718738,1121.55
217163,"2018-02-01 15:19:49",ICICIBANK,27137694,345.6
217162,"2018-02-01 15:19:48",IDFCBANK,8468146,56.05
217161,"2018-02-01 15:19:47",AXISBANK,7732680,592.65
217159,"2018-02-01 15:19:46",INFY,6278858,1145.1
217160,"2018-02-01 15:19:46",LT,8028827,1459.6
217158,"2018-02-01 15:19:41",JINDALSTEL,9158079,266
217157,"2018-02-01 15:19:37",ITC,57058440,275.2
217155,"2018-02-01 15:19:33",AXISBANK,7731516,592.6
217156,"2018-02-01 15:19:33",MARUTI,522549,9398.35
217154,"2018-02-01 15:19:32",ICICIBANK,27127915,345.55
217152,"2018-02-01 15:19:29",HDIL,12694498,56.7
217153,"2018-02-01 15:19:29",IDFCBANK,8454655,56.05
217151,"2018-02-01 15:19:25",AXISBANK,7729963,592.25
217150,"2018-02-01 15:19:24",INFY,6276725,1145.55
217149,"2018-02-01 15:19:20",HDFCBANK,1534029,1990.9
217147,"2018-02-01 15:19:16",LT,8025240,1459.8
217148,"2018-02-01 15:19:16",KOTAKBANK,3684614,1120.35
217146,"2018-02-01 15:19:14",JINDALSTEL,9156751,265.8
217145,"2018-02-01 15:19:12",AXISBANK,7728793,592.25
217143,"2018-02-01 15:19:10",LT,8021344,1459
217144,"2018-02-01 15:19:10",RELIANCE,7306186,943.9
217142,"2018-02-01 15:19:09",JINDALSTEL,9153466,266.15
217141,"2018-02-01 15:19:06",SBIN,18770121,305.35
217139,"2018-02-01 15:19:01",HDFCBANK,1532359,1990.35
217140,"2018-02-01 15:19:01",MARUTI,521183,9400.1
217137,"2018-02-01 15:19:00",INFY,6265653,1145.25
217138,"2018-02-01 15:19:00",AXISBANK,7727192,592
217136,"2018-02-01 15:18:57",JINDALSTEL,9149636,266.2
217135,"2018-02-01 15:18:55",SBIN,18761489,305.25
217134,"2018-02-01 15:18:51",AXISBANK,7725755,592.35
217133,"2018-02-01 15:18:49",KOTAKBANK,3676088,1122.05
217131,"2018-02-01 15:18:48",RELIANCE,7304604,943.9
217132,"2018-02-01 15:18:48",INFY,6258532,1144.2
217130,"2018-02-01 15:18:46",ITC,56941267,275.85
217129,"2018-02-01 15:18:45",HDFCBANK,1529849,1990.45
217128,"2018-02-01 15:18:44",ICICIBANK,27073959,345.4
217127,"2018-02-01 15:18:41",KOTAKBANK,3670754,1122.45
217125,"2018-02-01 15:18:38",INFY,6252802,1144.8
217126,"2018-02-01 15:18:38",AXISBANK,7722115,592.3
217124,"2018-02-01 15:18:37",RELIANCE,7299952,943.3
217123,"2018-02-01 15:18:32",HDFCBANK,1529025,1990.35
217122,"2018-02-01 15:18:31",HDIL,12645443,56.7
217121,"2018-02-01 15:18:30",AXISBANK,7718066,592.1
217120,"2018-02-01 15:18:28",ICICIBANK,27062760,345.35
217119,"2018-02-01 15:18:27",SBIN,18713819,305.4
217118,"2018-02-01 15:18:25",AXISBANK,7716897,592
217116,"2018-02-01 15:18:24",ICICIBANK,27053634,345.25
217117,"2018-02-01 15:18:24",RELIANCE,7298100,943.2
217115,"2018-02-01 15:18:23",INFY,6252392,1144.6
217113,"2018-02-01 15:18:15",AXISBANK,7716183,591.9
217114,"2018-02-01 15:18:15",KOTAKBANK,3368053,1122.3
217111,"2018-02-01 15:18:11",HDIL,12597624,56.7
217112,"2018-02-01 15:18:11",JINDALSTEL,9129155,266.3
217110,"2018-02-01 15:18:10",ICICIBANK,27044667,345.2
217109,"2018-02-01 15:18:09",MARUTI,519430,9402.55
217108,"2018-02-01 15:18:07",SBIN,18679473,305.35
217107,"2018-02-01 15:18:05",IDFCBANK,8408564,56.05
217106,"2018-02-01 15:18:04",LT,8002149,1457.35
217105,"2018-02-01 15:18:02",HDIL,12595068,56.65
217103,"2018-02-01 15:18:01",AXISBANK,7714548,591.65
217104,"2018-02-01 15:18:01",KOTAKBANK,3366627,1122.2
217102,"2018-02-01 15:17:56",IDFCBANK,8397339,56.05
217100,"2018-02-01 15:17:54",ITC,56853341,275.95
217101,"2018-02-01 15:17:54",ICICIBANK,27025458,345.05
217099,"2018-02-01 15:17:53",LT,7999406,1457.05
217098,"2018-02-01 15:17:51",INFY,6242920,1144.25
217097,"2018-02-01 15:17:49",ITC,56824755,275.95
217096,"2018-02-01 15:17:47",RELIANCE,7282154,942.65
217094,"2018-02-01 15:17:41",MARUTI,518520,9406.4
217095,"2018-02-01 15:17:41",KOTAKBANK,3362176,1121.3
217093,"2018-02-01 15:17:40",HDFCBANK,1525219,1989.9
217092,"2018-02-01 15:17:37",AXISBANK,7711976,592.15
217091,"2018-02-01 15:17:36",ICICIBANK,27005314,345.05
217090,"2018-02-01 15:17:35",HDFC,3657595,1965
217089,"2018-02-01 15:17:34",HDFCBANK,1524583,1990.15
217088,"2018-02-01 15:17:33",RELIANCE,7281554,942.9
217087,"2018-02-01 15:17:31",ICICIBANK,26993269,345.2
217085,"2018-02-01 15:17:29",MARUTI,518314,9406.35
217086,"2018-02-01 15:17:29",AXISBANK,7711466,592
217084,"2018-02-01 15:17:28",KOTAKBANK,3361965,1120.8
217083,"2018-02-01 15:17:25",SBIN,18605756,305.45
217081,"2018-02-01 15:17:23",ITC,56773499,275.8
217082,"2018-02-01 15:17:23",IDFCBANK,8357861,56.2
217078,"2018-02-01 15:17:19",INFY,6235363,1145.45
217079,"2018-02-01 15:17:19",AXISBANK,7702349,592.25
217080,"2018-02-01 15:17:19",ICICIBANK,26978361,345.05
217077,"2018-02-01 15:17:16",ITC,56754255,275.85
217076,"2018-02-01 15:17:13",IDFCBANK,8356252,56.15
217075,"2018-02-01 15:17:12",RELIANCE,7275235,943.15
217074,"2018-02-01 15:17:10",INFY,6233512,1145.35
217073,"2018-02-01 15:17:09",JINDALSTEL,9115256,266.05
217071,"2018-02-01 15:17:08",HDFCBANK,1523514,1990.45
217072,"2018-02-01 15:17:08",AXISBANK,7701094,591.95
217070,"2018-02-01 15:17:05",MARUTI,517761,9405.85
217069,"2018-02-01 15:17:04",HDFC,3655198,1965
217068,"2018-02-01 15:17:03",HDFCBANK,1523161,1990.45
217067,"2018-02-01 15:17:02",KOTAKBANK,3353337,1121.05
217066,"2018-02-01 15:17:01",HDIL,12549499,56.65
217065,"2018-02-01 15:17:00",INFY,6232929,1145
217063,"2018-02-01 15:16:59",AXISBANK,7700494,591.95
217064,"2018-02-01 15:16:59",JINDALSTEL,9113351,265.7
217062,"2018-02-01 15:16:56",SBIN,18560954,305.65
217061,"2018-02-01 15:16:55",MARUTI,517513,9410.2
217060,"2018-02-01 15:16:53",HDFCBANK,1522517,1990.45
217059,"2018-02-01 15:16:50",LT,7984774,1456.9
217058,"2018-02-01 15:16:48",AXISBANK,7699446,591.5
217057,"2018-02-01 15:16:46",MARUTI,516117,9408.25
217056,"2018-02-01 15:16:43",AXISBANK,7696756,591.3
217055,"2018-02-01 15:16:40",LT,7977827,1456.7
217053,"2018-02-01 15:16:39",JINDALSTEL,9102216,266.1
217054,"2018-02-01 15:16:39",ICICIBANK,26827521,344
217050,"2018-02-01 15:16:36",AXISBANK,7695801,591.25
217051,"2018-02-01 15:16:36",HDFC,3634596,1965.75
217052,"2018-02-01 15:16:36",ITC,56637421,275.7
217049,"2018-02-01 15:16:32",HDIL,12502142,56.65
217048,"2018-02-01 15:16:28",HDFCBANK,1516605,1990.05
217047,"2018-02-01 15:16:26",MARUTI,516685,9410.95
217045,"2018-02-01 15:16:24",ICICIBANK,26818594,343.95
217046,"2018-02-01 15:16:24",JINDALSTEL,9097255,266.45
217044,"2018-02-01 15:16:18",RELIANCE,7256710,944.6
217042,"2018-02-01 15:16:16",JINDALSTEL,9088611,266.45
217043,"2018-02-01 15:16:16",AXISBANK,7692633,591.05
217040,"2018-02-01 15:16:15",IDFCBANK,8342244,56.2
217041,"2018-02-01 15:16:15",HDFCBANK,1512614,1990.8
217038,"2018-02-01 15:16:11",SBIN,18453763,305.75
217039,"2018-02-01 15:16:11",IDFCBANK,8341415,56.2
217037,"2018-02-01 15:16:06",AXISBANK,7692035,591.35
217035,"2018-02-01 15:16:04",JINDALSTEL,9086827,266.4
217036,"2018-02-01 15:16:04",HDIL,12486202,56.8
217034,"2018-02-01 15:16:03",HDFCBANK,1512112,1990.85
217032,"2018-02-01 15:16:02",AXISBANK,7690174,591.4
217033,"2018-02-01 15:16:02",KOTAKBANK,3343226,1120.95
217031,"2018-02-01 15:15:57",JINDALSTEL,9070154,266.35
217030,"2018-02-01 15:15:54",SBIN,18301259,306.15
217029,"2018-02-01 15:15:53",ITC,56447296,275.6
217028,"2018-02-01 15:15:50",MARUTI,513801,9410.05
217027,"2018-02-01 15:15:49",ICICIBANK,26640749,344.9
217026,"2018-02-01 15:15:46",HDIL,12455711,56.75
217025,"2018-02-01 15:15:45",IDFCBANK,8316070,56.25
217024,"2018-02-01 15:15:41",AXISBANK,7683709,591.15
217023,"2018-02-01 15:15:39",JINDALSTEL,9059202,265.95
217022,"2018-02-01 15:15:38",ICICIBANK,26571990,345
217021,"2018-02-01 15:15:36",LT,7943269,1457
217020,"2018-02-01 15:15:35",HDIL,12441282,56.8
217018,"2018-02-01 15:15:27",JINDALSTEL,9057904,265.75
217019,"2018-02-01 15:15:27",RELIANCE,7213824,945.95
217017,"2018-02-01 15:15:26",ICICIBANK,26590112,344.95
217016,"2018-02-01 15:15:22",HDFCBANK,1509065,1990.05
217015,"2018-02-01 15:15:19",KOTAKBANK,3335642,1120.6
217014,"2018-02-01 15:15:17",AXISBANK,7669647,592.05
217012,"2018-02-01 15:15:14",LT,7941614,1456.95
217013,"2018-02-01 15:15:14",IDFCBANK,8307054,56.25
217010,"2018-02-01 15:15:13",MARUTI,511966,9410.2
217011,"2018-02-01 15:15:13",AXISBANK,7667019,592.35
217008,"2018-02-01 15:15:05",RELIANCE,7198870,945.75
217009,"2018-02-01 15:15:05",JINDALSTEL,9055624,265.8
217006,"2018-02-01 15:15:02",HDFC,3608209,1965.9
217007,"2018-02-01 15:15:02",AXISBANK,7664806,592.4
217005,"2018-02-01 15:15:01",ICICIBANK,26559764,344.95
217004,"2018-02-01 15:14:57",MARUTI,511814,9413.9
217003,"2018-02-01 15:14:56",LT,7935809,1457.5
217002,"2018-02-01 15:14:51",HDFC,3599027,1965.95
217001,"2018-02-01 15:14:50",AXISBANK,7657691,592.5
216999,"2018-02-01 15:14:48",HDFCBANK,1505758,1990.4
217000,"2018-02-01 15:14:48",RELIANCE,7183003,945.55
216998,"2018-02-01 15:14:46",JINDALSTEL,9053477,265.75
216996,"2018-02-01 15:14:43",ITC,56166876,275.55
216997,"2018-02-01 15:14:43",IDFCBANK,8290558,56.15
216995,"2018-02-01 15:14:42",ICICIBANK,26522061,344.95
216994,"2018-02-01 15:14:41",MARUTI,511491,9413.2
216993,"2018-02-01 15:14:37",AXISBANK,7655328,592.7
216992,"2018-02-01 15:14:34",ICICIBANK,26509961,345
216991,"2018-02-01 15:14:33",AXISBANK,7652840,592.3
216990,"2018-02-01 15:14:32",MARUTI,510984,9410.5
216989,"2018-02-01 15:14:28",HDIL,12430642,56.8
216988,"2018-02-01 15:14:25",AXISBANK,7643122,591.9
216986,"2018-02-01 15:14:24",HDFC,3596057,1966.15
216987,"2018-02-01 15:14:24",IDFCBANK,8289508,56.2
216985,"2018-02-01 15:14:19",ITC,56089558,275.65
216984,"2018-02-01 15:14:18",AXISBANK,7633631,591.5
216982,"2018-02-01 15:14:17",HDIL,12413726,56.75
216983,"2018-02-01 15:14:17",LT,7930272,1457.4
216981,"2018-02-01 15:14:16",KOTAKBANK,3320403,1120.3
216980,"2018-02-01 15:14:12",ITC,56050218,275.35
216978,"2018-02-01 15:14:08",ITC,56010175,275.25
216979,"2018-02-01 15:14:08",AXISBANK,7633271,591.75
216976,"2018-02-01 15:14:07",LT,7925882,1458
216977,"2018-02-01 15:14:07",AXISBANK,7632033,591.55
216975,"2018-02-01 15:14:05",RELIANCE,7156300,945.75
216974,"2018-02-01 15:14:04",KOTAKBANK,3315458,1120.3
216971,"2018-02-01 15:14:00",INFY,6155440,1147.2
216972,"2018-02-01 15:14:00",HDIL,12412113,56.75
216973,"2018-02-01 15:14:00",AXISBANK,7627576,591.25
216970,"2018-02-01 15:13:59",HDFC,3591950,1965.95
216969,"2018-02-01 15:13:57",AXISBANK,7624151,590.95
216968,"2018-02-01 15:13:54",HDFCBANK,1501328,1991.45
216966,"2018-02-01 15:13:53",RELIANCE,7152676,945.75
216967,"2018-02-01 15:13:53",IDFCBANK,8279168,56.15
216965,"2018-02-01 15:13:52",ITC,55902052,275
216964,"2018-02-01 15:13:51",INFY,6146447,1145.9
216963,"2018-02-01 15:13:49",MARUTI,508777,9404.4
216961,"2018-02-01 15:13:47",JINDALSTEL,9022317,265.8
216962,"2018-02-01 15:13:47",SBIN,18205024,306
216959,"2018-02-01 15:13:43",IDFCBANK,8274805,56.1
216960,"2018-02-01 15:13:43",ITC,55773504,275
216958,"2018-02-01 15:13:42",LT,7917303,1457.45
216957,"2018-02-01 15:13:40",INFY,6138426,1145.2
216956,"2018-02-01 15:13:39",MARUTI,508260,9406.15
216955,"2018-02-01 15:13:37",AXISBANK,7620421,590.5
216954,"2018-02-01 15:13:35",RELIANCE,7148994,946.15
216953,"2018-02-01 15:13:34",INFY,6133928,1145.85
216951,"2018-02-01 15:13:33",HDFC,3578171,1966
216952,"2018-02-01 15:13:33",HDFCBANK,1500671,1991.35
216950,"2018-02-01 15:13:32",ITC,55739702,275
216949,"2018-02-01 15:13:29",AXISBANK,7618128,590.55
216948,"2018-02-01 15:13:28",ICICIBANK,26410855,345
216946,"2018-02-01 15:13:26",LT,7913460,1457.15
216947,"2018-02-01 15:13:26",HDFC,3576858,1966
216945,"2018-02-01 15:13:24",RELIANCE,7144383,946.05
216944,"2018-02-01 15:13:22",INFY,6129964,1145.85
216943,"2018-02-01 15:13:21",AXISBANK,7615763,590.6
216941,"2018-02-01 15:13:20",ICICIBANK,26387106,344.85
216942,"2018-02-01 15:13:20",JINDALSTEL,9012610,265.85
216939,"2018-02-01 15:13:19",MARUTI,507794,9405
216940,"2018-02-01 15:13:19",HDIL,12380005,56.75
216938,"2018-02-01 15:13:18",SBIN,18146505,306.05
216936,"2018-02-01 15:13:13",RELIANCE,7137753,945.55
216937,"2018-02-01 15:13:13",KOTAKBANK,3301889,1120
216935,"2018-02-01 15:13:12",ITC,55641485,274.9
216934,"2018-02-01 15:13:10",INFY,6124927,1145.55
216933,"2018-02-01 15:13:09",LT,7910492,1457.25
216932,"2018-02-01 15:13:08",HDFCBANK,1498856,1991.7
216931,"2018-02-01 15:13:07",AXISBANK,7614261,590.6
216930,"2018-02-01 15:13:06",SBIN,18130880,306
216928,"2018-02-01 15:13:03",AXISBANK,7611303,589.35
216929,"2018-02-01 15:13:03",JINDALSTEL,8998206,266.2
216927,"2018-02-01 15:13:02",ITC,55589907,274.85
216926,"2018-02-01 15:12:59",MARUTI,505771,9403.95
216924,"2018-02-01 15:12:57",ICICIBANK,26202439,346
216925,"2018-02-01 15:12:57",INFY,6113210,1145.5
216923,"2018-02-01 15:12:55",HDIL,12370875,56.75
216921,"2018-02-01 15:12:51",MARUTI,505500,9404.95
216922,"2018-02-01 15:12:51",JINDALSTEL,8988178,266.45
216920,"2018-02-01 15:12:50",HDFC,3562688,1965.95
216919,"2018-02-01 15:12:47",AXISBANK,7609124,589.35
216918,"2018-02-01 15:12:45",SBIN,18101427,305.75
216917,"2018-02-01 15:12:44",HDFCBANK,1497888,1991.25
216916,"2018-02-01 15:12:43",RELIANCE,7127386,945.55
216915,"2018-02-01 15:12:42",ITC,55531543,274.95
216914,"2018-02-01 15:12:40",LT,7905006,1455.9
216912,"2018-02-01 15:12:39",AXISBANK,7607172,589.4
216913,"2018-02-01 15:12:39",INFY,6110517,1146
216911,"2018-02-01 15:12:37",HDFCBANK,1497878,1991.25
216910,"2018-02-01 15:12:35",JINDALSTEL,8985553,266.55
216907,"2018-02-01 15:12:33",HDFC,3558101,1966
216908,"2018-02-01 15:12:33",SBIN,18087430,305.7
216909,"2018-02-01 15:12:33",INFY,6104626,1146.05
216906,"2018-02-01 15:12:31",JINDALSTEL,8984532,266.5
216905,"2018-02-01 15:12:29",HDFCBANK,1497703,1991.2
216904,"2018-02-01 15:12:27",AXISBANK,7606094,589.4
216902,"2018-02-01 15:12:26",SBIN,18083968,305.8
216903,"2018-02-01 15:12:26",HDFC,3558068,1965.7
216900,"2018-02-01 15:12:25",AXISBANK,7605945,589.4
216901,"2018-02-01 15:12:25",IDFCBANK,8268785,56.05
216898,"2018-02-01 15:12:22",HDFCBANK,1496312,1991
216899,"2018-02-01 15:12:22",MARUTI,504499,9405.1
216897,"2018-02-01 15:12:20",ITC,55477497,275
216896,"2018-02-01 15:12:19",HDIL,12347160,56.75
216895,"2018-02-01 15:12:18",AXISBANK,7604132,589.25
216894,"2018-02-01 15:12:15",SBIN,18057887,305.8
216892,"2018-02-01 15:12:12",JINDALSTEL,8972993,266.65
216893,"2018-02-01 15:12:12",ICICIBANK,26116949,346.1
216891,"2018-02-01 15:12:08",KOTAKBANK,3275615,1120.3
216890,"2018-02-01 15:12:05",AXISBANK,7599358,589.4
216889,"2018-02-01 15:12:04",MARUTI,504075,9408.8
216888,"2018-02-01 15:12:03",HDIL,12342703,56.75
216886,"2018-02-01 15:12:02",JINDALSTEL,8960541,266.65
216887,"2018-02-01 15:12:02",AXISBANK,7596815,589.4
216885,"2018-02-01 15:12:01",JINDALSTEL,8959649,266.55
216883,"2018-02-01 15:11:59",HDFCBANK,1492104,1992
216884,"2018-02-01 15:11:59",HDFC,3547853,1965.95
216881,"2018-02-01 15:11:56",KOTAKBANK,3267190,1120
216882,"2018-02-01 15:11:56",ITC,55383510,275.05
216878,"2018-02-01 15:11:54",AXISBANK,7594834,589.35
216879,"2018-02-01 15:11:54",IDFCBANK,8255995,56.1
216880,"2018-02-01 15:11:54",SBIN,17987387,306.15
216877,"2018-02-01 15:11:51",INFY,6087758,1146
216876,"2018-02-01 15:11:49",KOTAKBANK,3263419,1120.05
216875,"2018-02-01 15:11:48",JINDALSTEL,8948562,266.5
216874,"2018-02-01 15:11:47",SBIN,17958857,306.25
216873,"2018-02-01 15:11:45",HDFCBANK,1491722,1991.65
216871,"2018-02-01 15:11:42",HDIL,12326456,56.75
216872,"2018-02-01 15:11:42",AXISBANK,7589481,589.35
216870,"2018-02-01 15:11:41",RELIANCE,7077191,945.05
216869,"2018-02-01 15:11:37",HDFCBANK,1491518,1991
216867,"2018-02-01 15:11:36",AXISBANK,7584888,588
216868,"2018-02-01 15:11:36",HDIL,12324589,56.7
216866,"2018-02-01 15:11:35",IDFCBANK,8243980,56.1
216865,"2018-02-01 15:11:34",ITC,55265407,275
216864,"2018-02-01 15:11:32",JINDALSTEL,8942789,266.2
216863,"2018-02-01 15:11:30",INFY,6084444,1144.95
216862,"2018-02-01 15:11:29",MARUTI,501619,9408.65
216861,"2018-02-01 15:11:25",SBIN,17900880,306.25
216860,"2018-02-01 15:11:24",JINDALSTEL,8937905,266
216858,"2018-02-01 15:11:23",LT,7880909,1454.6
216859,"2018-02-01 15:11:23",IDFCBANK,8240643,56
216856,"2018-02-01 15:11:19",KOTAKBANK,3252690,1120.85
216857,"2018-02-01 15:11:19",AXISBANK,7581017,587.85
216855,"2018-02-01 15:11:17",JINDALSTEL,8937240,265.75
216854,"2018-02-01 15:11:13",HDFC,3536423,1967.35
216853,"2018-02-01 15:11:12",AXISBANK,7576234,588
216851,"2018-02-01 15:11:10",ICICIBANK,25979537,345.75
216852,"2018-02-01 15:11:10",IDFCBANK,8238052,56
216850,"2018-02-01 15:11:09",INFY,6068744,1144.4
216849,"2018-02-01 15:11:08",IDFCBANK,8225753,56
216847,"2018-02-01 15:11:07",LT,7872702,1454.2
216848,"2018-02-01 15:11:07",JINDALSTEL,8933950,265.55
216845,"2018-02-01 15:11:00",SBIN,17866488,306.05
216846,"2018-02-01 15:11:00",AXISBANK,7571641,588.35
216844,"2018-02-01 15:10:57",MARUTI,500652,9415
216841,"2018-02-01 15:10:54",ICICIBANK,25934546,345.45
216842,"2018-02-01 15:10:54",LT,7870162,1454.35
216843,"2018-02-01 15:10:54",MARUTI,500225,9415.7
216840,"2018-02-01 15:10:52",SBIN,17846675,306.1
216837,"2018-02-01 15:10:48",AXISBANK,7556329,588.65
216838,"2018-02-01 15:10:48",IDFCBANK,8224944,56
216839,"2018-02-01 15:10:48",ITC,55124570,274.65
216836,"2018-02-01 15:10:46",HDFCBANK,1484935,1990.9
216835,"2018-02-01 15:10:41",SBIN,17826624,306.3
216834,"2018-02-01 15:10:39",MARUTI,499943,9418.45
216832,"2018-02-01 15:10:38",AXISBANK,7550137,588.35
216833,"2018-02-01 15:10:38",HDFC,3532350,1966.4
216831,"2018-02-01 15:10:35",MARUTI,499812,9418.2
216830,"2018-02-01 15:10:32",AXISBANK,7546718,588.4
216828,"2018-02-01 15:10:31",ICICIBANK,25888084,345.8
216829,"2018-02-01 15:10:31",HDFC,3527479,1966.7
216827,"2018-02-01 15:10:30",LT,7866677,1454.35
216826,"2018-02-01 15:10:27",HDIL,12252312,56.75
216825,"2018-02-01 15:10:26",IDFCBANK,8212576,56.05
216824,"2018-02-01 15:10:20",JINDALSTEL,8924096,265.6
216823,"2018-02-01 15:10:18",HDFC,3526225,1966.9
216820,"2018-02-01 15:10:16",KOTAKBANK,3227373,1120.15
216821,"2018-02-01 15:10:16",AXISBANK,7540964,588.1
216822,"2018-02-01 15:10:16",ITC,55003240,274.35
216818,"2018-02-01 15:10:14",HDFCBANK,1481274,1992.5
216819,"2018-02-01 15:10:14",HDIL,12246238,56.8
216817,"2018-02-01 15:10:12",ICICIBANK,25863959,345.85
216816,"2018-02-01 15:10:11",SBIN,17776393,306.25
216813,"2018-02-01 15:10:10",MARUTI,499268,9420
216814,"2018-02-01 15:10:10",HDFCBANK,1479867,1992.7
216815,"2018-02-01 15:10:10",ITC,54898800,274.4
216810,"2018-02-01 15:10:07",AXISBANK,7539555,588.4
216811,"2018-02-01 15:10:07",ICICIBANK,25840606,345.85
216812,"2018-02-01 15:10:07",KOTAKBANK,3225493,1120
216809,"2018-02-01 15:10:03",HDFCBANK,1479753,1992.55
216806,"2018-02-01 15:10:02",HDFC,3521654,1967.65
216807,"2018-02-01 15:10:02",ICICIBANK,25823429,345.65
216808,"2018-02-01 15:10:02",JINDALSTEL,8922571,265.35
216805,"2018-02-01 15:09:58",INFY,6021173,1145
216801,"2018-02-01 15:09:57",AXISBANK,7532541,587.7
216802,"2018-02-01 15:09:57",HDIL,12243037,56.75
216803,"2018-02-01 15:09:57",SBIN,17759652,306.3
216804,"2018-02-01 15:09:57",MARUTI,498062,9415.15
216799,"2018-02-01 15:09:51",IDFCBANK,8200191,56
216800,"2018-02-01 15:09:51",KOTAKBANK,3215978,1120.1
216798,"2018-02-01 15:09:50",LT,7857120,1452
216797,"2018-02-01 15:09:46",ITC,54772324,274.4
216796,"2018-02-01 15:09:45",AXISBANK,7505534,589.1
216794,"2018-02-01 15:09:44",INFY,6015454,1144.55
216795,"2018-02-01 15:09:44",JINDALSTEL,8920145,265.25
216792,"2018-02-01 15:09:43",HDFC,3518664,1967.65
216793,"2018-02-01 15:09:43",SBIN,17739853,306.15
216791,"2018-02-01 15:09:42",RELIANCE,7018274,942.5
216790,"2018-02-01 15:09:39",HDFC,3515424,1967.95
216785,"2018-02-01 15:09:37",RELIANCE,7013264,941.9
216786,"2018-02-01 15:09:37",JINDALSTEL,8917691,265.15
216787,"2018-02-01 15:09:37",HDIL,12239045,56.65
216788,"2018-02-01 15:09:37",AXISBANK,7497676,588.7
216789,"2018-02-01 15:09:37",ICICIBANK,25778492,345.55
216784,"2018-02-01 15:09:36",HDFCBANK,1479084,1992.35
216783,"2018-02-01 15:09:33",KOTAKBANK,3213889,1120.1
216781,"2018-02-01 15:09:31",LT,7855105,1452
216782,"2018-02-01 15:09:31",LT,7846871,1451
216780,"2018-02-01 15:09:27",ITC,54714545,274.4
216779,"2018-02-01 15:09:26",INFY,6007880,1143.2
216777,"2018-02-01 15:09:25",SBIN,17687866,306.3
216778,"2018-02-01 15:09:25",AXISBANK,7489399,589.4
216776,"2018-02-01 15:09:23",HDIL,12227886,56.75
216772,"2018-02-01 15:09:20",HDIL,12201641,56.75
216773,"2018-02-01 15:09:20",RELIANCE,7002696,941.25
216774,"2018-02-01 15:09:20",JINDALSTEL,8913026,265.3
216775,"2018-02-01 15:09:20",HDFCBANK,1478799,1992.8
216771,"2018-02-01 15:09:17",HDFC,3509963,1968
216769,"2018-02-01 15:09:12",LT,7840296,1451.8
216770,"2018-02-01 15:09:12",INFY,6004693,1143.6
216768,"2018-02-01 15:09:10",MARUTI,496454,9420
216767,"2018-02-01 15:09:09",JINDALSTEL,8904312,265.55
216766,"2018-02-01 15:09:04",HDFC,3508111,1968.4
216765,"2018-02-01 15:09:03",HDFCBANK,1477359,1993
216763,"2018-02-01 15:09:02",KOTAKBANK,3203667,1120
216764,"2018-02-01 15:09:02",AXISBANK,7463624,590.1
216761,"2018-02-01 15:08:57",HDFCBANK,1477018,1992.6
216762,"2018-02-01 15:08:57",HDIL,12196560,56.75
216760,"2018-02-01 15:08:55",IDFCBANK,8139337,56
216758,"2018-02-01 15:08:53",JINDALSTEL,8901881,265.65
216759,"2018-02-01 15:08:53",ITC,54653076,274.4
216757,"2018-02-01 15:08:51",RELIANCE,6974690,942.05
216755,"2018-02-01 15:08:50",AXISBANK,7457237,590.7
216756,"2018-02-01 15:08:50",HDFC,3507458,1968.35
216754,"2018-02-01 15:08:48",HDFC,3507053,1968.95
216753,"2018-02-01 15:08:46",IDFCBANK,8134375,56
216752,"2018-02-01 15:08:43",LT,7837101,1451.6
216751,"2018-02-01 15:08:42",ITC,54640829,274.45
216750,"2018-02-01 15:08:40",AXISBANK,7453636,590.95
216749,"2018-02-01 15:08:39",HDFCBANK,1476671,1992.8
216748,"2018-02-01 15:08:38",INFY,6001824,1143.55
216747,"2018-02-01 15:08:36",INFY,6000585,1143.6
216746,"2018-02-01 15:08:35",ITC,54625846,274.45
216743,"2018-02-01 15:08:34",AXISBANK,7450846,590.6
216744,"2018-02-01 15:08:34",HDFCBANK,1475769,1993.15
216745,"2018-02-01 15:08:34",RELIANCE,6971191,942.15
216742,"2018-02-01 15:08:30",ICICIBANK,25612168,346.3
216741,"2018-02-01 15:08:29",KOTAKBANK,3191598,1120
216739,"2018-02-01 15:08:27",AXISBANK,7448777,590.45
216740,"2018-02-01 15:08:27",RELIANCE,6962761,942.45
216738,"2018-02-01 15:08:26",ITC,54614170,274.4
216736,"2018-02-01 15:08:24",HDFCBANK,1475541,1993.8
216737,"2018-02-01 15:08:24",SBIN,17596230,306.8
216735,"2018-02-01 15:08:22",JINDALSTEL,8893496,265.9
216733,"2018-02-01 15:08:21",HDFCBANK,1475481,1993.25
216734,"2018-02-01 15:08:21",AXISBANK,7441518,590.1
216732,"2018-02-01 15:08:20",KOTAKBANK,3187155,1120.45
216730,"2018-02-01 15:08:18",MARUTI,495338,9420.15
216731,"2018-02-01 15:08:18",HDIL,12182248,56.75
216729,"2018-02-01 15:08:16",ICICIBANK,25590576,346.25
216728,"2018-02-01 15:08:15",LT,7835310,1451.05
216727,"2018-02-01 15:08:13",AXISBANK,7432436,591.4
216726,"2018-02-01 15:08:12",HDFC,3494659,1967
216725,"2018-02-01 15:08:10",JINDALSTEL,8892279,265.85
216723,"2018-02-01 15:08:09",AXISBANK,7431283,591.3
216724,"2018-02-01 15:08:09",SBIN,17583994,306.75
216721,"2018-02-01 15:08:07",ITC,54562088,274.65
216722,"2018-02-01 15:08:07",ICICIBANK,25576646,346.4
216720,"2018-02-01 15:08:05",HDIL,12161567,56.75
216718,"2018-02-01 15:08:04",INFY,5995978,1142.55
216719,"2018-02-01 15:08:04",IDFCBANK,8130719,56
216717,"2018-02-01 15:08:01",AXISBANK,7429120,591.75
216715,"2018-02-01 15:07:59",KOTAKBANK,3172651,1120.85
216716,"2018-02-01 15:07:59",HDFCBANK,1472975,1995.3
216714,"2018-02-01 15:07:58",ITC,54537367,274.8
216713,"2018-02-01 15:07:54",AXISBANK,7421069,592.5
216710,"2018-02-01 15:07:52",ICICIBANK,25548257,346.3
216711,"2018-02-01 15:07:52",RELIANCE,6949552,942.65
216712,"2018-02-01 15:07:52",SBIN,17557833,307
216709,"2018-02-01 15:07:51",LT,7826604,1450.8
216708,"2018-02-01 15:07:47",KOTAKBANK,3162006,1120.3
216705,"2018-02-01 15:07:46",LT,7822538,1451.9
216706,"2018-02-01 15:07:46",HDFC,3491828,1968.35
216707,"2018-02-01 15:07:46",INFY,5992360,1143.3
216703,"2018-02-01 15:07:43",JINDALSTEL,8889092,265.8
216704,"2018-02-01 15:07:43",ICICIBANK,25525656,346.5
216702,"2018-02-01 15:07:41",AXISBANK,7413835,592.65
216701,"2018-02-01 15:07:40",ITC,54488483,274.95
216700,"2018-02-01 15:07:39",MARUTI,494726,9426.15
216699,"2018-02-01 15:07:38",LT,7812060,1452
216697,"2018-02-01 15:07:35",SBIN,17492488,307.4
216698,"2018-02-01 15:07:35",IDFCBANK,8126208,56.05
216694,"2018-02-01 15:07:32",AXISBANK,7405952,593
216695,"2018-02-01 15:07:32",INFY,5989761,1143.65
216696,"2018-02-01 15:07:32",HDIL,12158255,56.8
216692,"2018-02-01 15:07:30",HDIL,12152624,56.75
216693,"2018-02-01 15:07:30",RELIANCE,6939011,942.1
216691,"2018-02-01 15:07:28",LT,7809834,1452.65
216690,"2018-02-01 15:07:27",ICICIBANK,25486963,346.85
216689,"2018-02-01 15:07:25",ITC,54442341,274.7
216687,"2018-02-01 15:07:24",KOTAKBANK,3157745,1121
216688,"2018-02-01 15:07:24",INFY,5979731,1141.05
216686,"2018-02-01 15:07:21",AXISBANK,7392922,593.45
216685,"2018-02-01 15:07:19",JINDALSTEL,8884292,265.8
216684,"2018-02-01 15:07:18",ICICIBANK,25467607,346.85
216683,"2018-02-01 15:07:14",HDFC,3487813,1968.9
216681,"2018-02-01 15:07:13",SBIN,17481031,307.3
216682,"2018-02-01 15:07:13",HDIL,12141480,56.75
216680,"2018-02-01 15:07:10",AXISBANK,7387414,594.7
216679,"2018-02-01 15:07:09",RELIANCE,6936868,941.95
216676,"2018-02-01 15:07:08",HDIL,12136536,56.85
216677,"2018-02-01 15:07:08",ITC,54382438,274.3
216678,"2018-02-01 15:07:08",SBIN,17468256,307.25
216675,"2018-02-01 15:07:05",AXISBANK,7385126,594.95
216674,"2018-02-01 15:07:04",MARUTI,494271,9427.75
216670,"2018-02-01 15:07:02",INFY,5973651,1141.9
216671,"2018-02-01 15:07:02",IDFCBANK,8115475,56
216672,"2018-02-01 15:07:02",LT,7805340,1452.55
216673,"2018-02-01 15:07:02",HDFC,3485974,1969.6
216668,"2018-02-01 15:06:59",RELIANCE,6933447,941.95
216669,"2018-02-01 15:06:59",KOTAKBANK,3152628,1120.95
216666,"2018-02-01 15:06:56",KOTAKBANK,3151389,1120.95
216667,"2018-02-01 15:06:56",ITC,54356166,274.25
216665,"2018-02-01 15:06:55",JINDALSTEL,8883112,265.8
216664,"2018-02-01 15:06:54",SBIN,17462340,307.4
216663,"2018-02-01 15:06:50",AXISBANK,7383288,595.25
216662,"2018-02-01 15:06:49",AXISBANK,7381185,595.4
216661,"2018-02-01 15:06:48",ITC,54311306,274.35
216660,"2018-02-01 15:06:45",INFY,5971352,1142.05
216659,"2018-02-01 15:06:44",RELIANCE,6929081,942.15
216657,"2018-02-01 15:06:43",IDFCBANK,8113704,56.1
216658,"2018-02-01 15:06:43",ICICIBANK,25403957,347.1
216656,"2018-02-01 15:06:42",KOTAKBANK,3148978,1121.4
216655,"2018-02-01 15:06:41",LT,7802279,1452.8
216654,"2018-02-01 15:06:40",HDFCBANK,1468850,1997.35
216653,"2018-02-01 15:06:38",RELIANCE,6927690,941.95
216651,"2018-02-01 15:06:37",HDIL,12105064,56.8
216652,"2018-02-01 15:06:37",ITC,54276964,274.35
216650,"2018-02-01 15:06:36",SBIN,17428223,307.75
216649,"2018-02-01 15:06:33",HDFC,3478853,1969.6
216648,"2018-02-01 15:06:31",HDFCBANK,1468456,1997.45
216647,"2018-02-01 15:06:30",KOTAKBANK,3146786,1121.65
216646,"2018-02-01 15:06:28",AXISBANK,7380041,595.4
216645,"2018-02-01 15:06:27",IDFCBANK,8099852,56.05
216644,"2018-02-01 15:06:26",MARUTI,493845,9428
216643,"2018-02-01 15:06:24",JINDALSTEL,8877087,266.25
216642,"2018-02-01 15:06:21",LT,7800796,1452.5
216639,"2018-02-01 15:06:20",AXISBANK,7374790,594.95
216640,"2018-02-01 15:06:20",HDFCBANK,1467743,1995.5
216641,"2018-02-01 15:06:20",SBIN,17425761,307.6
216638,"2018-02-01 15:06:19",HDIL,12097724,56.8
216637,"2018-02-01 15:06:16",HDFC,3478343,1969.6
216636,"2018-02-01 15:06:15",LT,7798897,1452.45
216634,"2018-02-01 15:06:13",RELIANCE,6917587,942
216635,"2018-02-01 15:06:13",AXISBANK,7372028,595.8
216632,"2018-02-01 15:06:12",JINDALSTEL,8876122,266.2
216633,"2018-02-01 15:06:12",SBIN,17423110,307.5
216631,"2018-02-01 15:06:11",INFY,5967111,1142.9
216630,"2018-02-01 15:06:09",ITC,54162604,274.75
216628,"2018-02-01 15:06:07",AXISBANK,7370808,595.8
216629,"2018-02-01 15:06:07",HDIL,12095029,56.85
216627,"2018-02-01 15:06:06",HDFCBANK,1465282,1996.5
216626,"2018-02-01 15:06:05",HDFC,3476473,1969.6
216625,"2018-02-01 15:06:04",SBIN,17406599,307.65
216624,"2018-02-01 15:06:01",AXISBANK,7368934,595.5
216623,"2018-02-01 15:06:00",ITC,54102864,275
216622,"2018-02-01 15:05:59",MARUTI,493244,9427.8
216621,"2018-02-01 15:05:58",INFY,5964727,1142.4
216620,"2018-02-01 15:05:57",JINDALSTEL,8874208,266.55
216619,"2018-02-01 15:05:56",ICICIBANK,25313370,347.05
216618,"2018-02-01 15:05:54",MARUTI,493206,9422.7
216617,"2018-02-01 15:05:52",IDFCBANK,8093674,56
216616,"2018-02-01 15:05:51",LT,7795941,1452.25
216615,"2018-02-01 15:05:50",HDFC,3474589,1970
216614,"2018-02-01 15:05:49",ITC,54048683,275
216613,"2018-02-01 15:05:48",SBIN,17402896,307.65
216611,"2018-02-01 15:05:47",HDIL,12087615,56.8
216612,"2018-02-01 15:05:47",AXISBANK,7365597,595.4
216610,"2018-02-01 15:05:41",ITC,53973549,275.1
216607,"2018-02-01 15:05:39",IDFCBANK,8089504,56.05
216608,"2018-02-01 15:05:39",HDFC,3473958,1970
216609,"2018-02-01 15:05:39",MARUTI,493046,9422.6
216606,"2018-02-01 15:05:38",JINDALSTEL,8866903,266.4
216605,"2018-02-01 15:05:37",AXISBANK,7363760,595.2
216603,"2018-02-01 15:05:35",LT,7794676,1451.75
216604,"2018-02-01 15:05:35",SBIN,17396738,307.55
216602,"2018-02-01 15:05:33",LT,7792684,1451.95
216600,"2018-02-01 15:05:27",INFY,5946187,1142.65
216601,"2018-02-01 15:05:27",RELIANCE,6902159,942.55
216598,"2018-02-01 15:05:26",ITC,53792407,275
216599,"2018-02-01 15:05:26",KOTAKBANK,3126205,1120.6
216597,"2018-02-01 15:05:25",AXISBANK,7356936,595.35
216596,"2018-02-01 15:05:22",JINDALSTEL,8865227,266.2
216595,"2018-02-01 15:05:21",SBIN,17383211,307.7
216593,"2018-02-01 15:05:20",AXISBANK,7353875,595.45
216594,"2018-02-01 15:05:20",JINDALSTEL,8864887,266.15
216592,"2018-02-01 15:05:19",ICICIBANK,25259365,347.5
216591,"2018-02-01 15:05:16",LT,7791861,1451.8
216589,"2018-02-01 15:05:14",IDFCBANK,8083513,56.1
216590,"2018-02-01 15:05:14",INFY,5945528,1142.45
216588,"2018-02-01 15:05:13",KOTAKBANK,3125560,1120.9
216586,"2018-02-01 15:05:11",IDFCBANK,8082813,56.05
216587,"2018-02-01 15:05:11",ITC,53699782,275
216585,"2018-02-01 15:05:08",JINDALSTEL,8862862,266.1
216583,"2018-02-01 15:05:05",MARUTI,492297,9420.45
216584,"2018-02-01 15:05:05",INFY,5940181,1143.2
216581,"2018-02-01 15:05:02",AXISBANK,7350553,595.3
216582,"2018-02-01 15:05:02",SBIN,17368740,307.7
216580,"2018-02-01 15:05:00",SBIN,17365627,307.6
216578,"2018-02-01 15:04:59",HDIL,12059408,56.9
216579,"2018-02-01 15:04:59",HDFC,3456703,1968.75
216575,"2018-02-01 15:04:53",AXISBANK,7346778,595.1
216576,"2018-02-01 15:04:53",JINDALSTEL,8860783,266.15
216577,"2018-02-01 15:04:53",INFY,5936788,1142.95
216574,"2018-02-01 15:04:52",MARUTI,492039,9418
216573,"2018-02-01 15:04:50",ICICIBANK,25196611,347.35
216572,"2018-02-01 15:04:48",HDFCBANK,1461567,1997
216571,"2018-02-01 15:04:47",RELIANCE,6881683,941.6
216570,"2018-02-01 15:04:45",LT,7786600,1451.05
216569,"2018-02-01 15:04:44",HDFC,3456108,1968.8
216568,"2018-02-01 15:04:43",AXISBANK,7344733,594.9
216567,"2018-02-01 15:04:42",KOTAKBANK,3122836,1120.4
216566,"2018-02-01 15:04:41",HDFCBANK,1460153,1997
216565,"2018-02-01 15:04:40",HDFCBANK,1461567,1997
216564,"2018-02-01 15:04:38",SBIN,17352715,307.5
216563,"2018-02-01 15:04:37",HDFC,3453108,1968.6
216562,"2018-02-01 15:04:36",ITC,53553948,274.95
216559,"2018-02-01 15:04:34",HDFCBANK,1460153,1997
216560,"2018-02-01 15:04:34",HDIL,12039810,56.85
216561,"2018-02-01 15:04:34",ICICIBANK,25187336,347.05
216558,"2018-02-01 15:04:32",LT,7784216,1451.1
216557,"2018-02-01 15:04:30",AXISBANK,7341021,594.65
216556,"2018-02-01 15:04:29",JINDALSTEL,8859060,266
216554,"2018-02-01 15:04:27",MARUTI,491236,9418.9
216555,"2018-02-01 15:04:27",AXISBANK,7331193,594.9
216553,"2018-02-01 15:04:24",HDFC,3445045,1969.35
216552,"2018-02-01 15:04:22",HDIL,12038702,56.85
216551,"2018-02-01 15:04:21",INFY,5918849,1143.9
216549,"2018-02-01 15:04:20",INFY,5915663,1144
216550,"2018-02-01 15:04:20",LT,7783378,1450.7
216547,"2018-02-01 15:04:18",HDFC,3444667,1969.25
216548,"2018-02-01 15:04:18",SBIN,17338180,307.35
216546,"2018-02-01 15:04:15",ITC,53489281,275
216545,"2018-02-01 15:04:14",RELIANCE,6859319,940.75
216544,"2018-02-01 15:04:13",JINDALSTEL,8855201,265.8
216542,"2018-02-01 15:04:11",IDFCBANK,8063736,56.1
216543,"2018-02-01 15:04:11",AXISBANK,7310192,594.75
216541,"2018-02-01 15:04:08",HDIL,12034566,56.8
216540,"2018-02-01 15:04:05",HDFC,3442712,1969.75
216539,"2018-02-01 15:04:04",LT,7777158,1451.85
216538,"2018-02-01 15:04:03",JINDALSTEL,8854901,265.65
216537,"2018-02-01 15:04:00",RELIANCE,6855013,940.7
216536,"2018-02-01 15:03:59",AXISBANK,7295085,594.9
216535,"2018-02-01 15:03:58",HDIL,12023086,56.8
216533,"2018-02-01 15:03:56",SBIN,17326882,307.2
216534,"2018-02-01 15:03:56",JINDALSTEL,8853541,265.65
216532,"2018-02-01 15:03:52",HDFC,3442177,1969.55
216530,"2018-02-01 15:03:51",INFY,5912231,1143
216531,"2018-02-01 15:03:51",KOTAKBANK,3116075,1120
216527,"2018-02-01 15:03:46",MARUTI,490498,9417
216528,"2018-02-01 15:03:46",AXISBANK,7282419,595.4
216529,"2018-02-01 15:03:46",ITC,53442598,274.95
216526,"2018-02-01 15:03:44",KOTAKBANK,3111725,1120.1
216524,"2018-02-01 15:03:41",AXISBANK,7276495,595.2
216525,"2018-02-01 15:03:41",IDFCBANK,8061287,56.1
216521,"2018-02-01 15:03:38",LT,7774473,1451.5
216522,"2018-02-01 15:03:38",HDIL,12003126,56.95
216523,"2018-02-01 15:03:38",JINDALSTEL,8851880,265.8
216520,"2018-02-01 15:03:37",ITC,53427250,275
216519,"2018-02-01 15:03:36",IDFCBANK,8057185,56.1
216518,"2018-02-01 15:03:35",RELIANCE,6843900,940.85
216517,"2018-02-01 15:03:32",HDFC,3441576,1969.25
216516,"2018-02-01 15:03:31",JINDALSTEL,8850477,265.6
216515,"2018-02-01 15:03:30",MARUTI,490298,9416.1
216513,"2018-02-01 15:03:28",AXISBANK,7271893,594.9
216514,"2018-02-01 15:03:28",HDFCBANK,1454718,1996.15
216512,"2018-02-01 15:03:24",RELIANCE,6841327,940.8
216511,"2018-02-01 15:03:22",IDFCBANK,8055885,56.1
216510,"2018-02-01 15:03:21",ITC,53338332,275
216507,"2018-02-01 15:03:20",LT,7770132,1451.35
216508,"2018-02-01 15:03:20",HDIL,11971774,56.95
216509,"2018-02-01 15:03:20",AXISBANK,7255700,595.75
216506,"2018-02-01 15:03:17",KOTAKBANK,3106681,1120.3
216505,"2018-02-01 15:03:16",HDFCBANK,1453242,1996
216504,"2018-02-01 15:03:13",INFY,5903486,1142.85
216502,"2018-02-01 15:03:10",LT,7768917,1450.85
216503,"2018-02-01 15:03:10",SBIN,17276356,307
216501,"2018-02-01 15:03:07",AXISBANK,7251604,595.8
216500,"2018-02-01 15:03:01",AXISBANK,7249584,595.85
216499,"2018-02-01 15:03:00",HDFCBANK,1453087,1995.2
216498,"2018-02-01 15:02:59",KOTAKBANK,3102971,1120.3
216496,"2018-02-01 15:02:58",MARUTI,489824,9417
216497,"2018-02-01 15:02:58",ICICIBANK,24979662,346.35
216495,"2018-02-01 15:02:55",ICICIBANK,24955842,346.35
216493,"2018-02-01 15:02:53",IDFCBANK,8042660,56
216494,"2018-02-01 15:02:53",MARUTI,489627,9417.45
216491,"2018-02-01 15:02:52",AXISBANK,7247696,595.55
216492,"2018-02-01 15:02:52",SBIN,17238329,307.2
216490,"2018-02-01 15:02:51",RELIANCE,6820420,940.55
216489,"2018-02-01 15:02:50",HDIL,11966503,56.95
216488,"2018-02-01 15:02:49",INFY,5898216,1143.4
216487,"2018-02-01 15:02:48",HDFCBANK,1452877,1996.25
216486,"2018-02-01 15:02:46",ITC,53178585,275.15
216483,"2018-02-01 15:02:45",JINDALSTEL,8835673,265.6
216484,"2018-02-01 15:02:45",IDFCBANK,8039529,56.05
216485,"2018-02-01 15:02:45",LT,7762210,1450.15
216482,"2018-02-01 15:02:44",MARUTI,489446,9417.2
216481,"2018-02-01 15:02:42",AXISBANK,7227710,595.25
216480,"2018-02-01 15:02:39",RELIANCE,6817605,940.65
216479,"2018-02-01 15:02:38",INFY,5897492,1143.6
216477,"2018-02-01 15:02:37",RELIANCE,6815028,940.55
216478,"2018-02-01 15:02:37",INFY,5894909,1143.75
216476,"2018-02-01 15:02:32",SBIN,17195014,307.25
216475,"2018-02-01 15:02:31",AXISBANK,7210113,596.2
216474,"2018-02-01 15:02:30",MARUTI,489288,9417.45
216473,"2018-02-01 15:02:28",KOTAKBANK,3091748,1119.95
216472,"2018-02-01 15:02:27",JINDALSTEL,8835161,265.6
216471,"2018-02-01 15:02:26",INFY,5893223,1143.75
216470,"2018-02-01 15:02:25",HDIL,11946610,56.95
216469,"2018-02-01 15:02:24",ICICIBANK,24900290,346.55
216468,"2018-02-01 15:02:23",AXISBANK,7202830,595.95
216467,"2018-02-01 15:02:22",HDFC,3430206,1969.35
216466,"2018-02-01 15:02:21",JINDALSTEL,8834826,265.75
216465,"2018-02-01 15:02:20",HDFCBANK,1451144,1996.1
216464,"2018-02-01 15:02:18",KOTAKBANK,3090257,1119.95
216463,"2018-02-01 15:02:17",IDFCBANK,7993978,56.1
216462,"2018-02-01 15:02:14",HDFC,3428427,1969.15
216461,"2018-02-01 15:02:12",SBIN,17144766,307.7
216459,"2018-02-01 15:02:10",MARUTI,488783,9421.6
216460,"2018-02-01 15:02:10",AXISBANK,7193043,597.85
216457,"2018-02-01 15:02:09",HDFCBANK,1449954,1996.9
216458,"2018-02-01 15:02:09",KOTAKBANK,3086231,1119.95
216455,"2018-02-01 15:02:06",JINDALSTEL,8833465,265.5
216456,"2018-02-01 15:02:06",ITC,52939825,275.6
216453,"2018-02-01 15:02:04",JINDALSTEL,8826355,266
216454,"2018-02-01 15:02:04",ITC,52910350,275.7
216452,"2018-02-01 15:02:02",LT,7747046,1450.9
216451,"2018-02-01 15:02:01",RELIANCE,6804487,940.7
216449,"2018-02-01 15:01:58",AXISBANK,7190806,597.7
216450,"2018-02-01 15:01:58",MARUTI,488550,9415
216447,"2018-02-01 15:01:56",RELIANCE,6797157,940.6
216448,"2018-02-01 15:01:56",INFY,5889415,1143.4
216446,"2018-02-01 15:01:55",LT,7745725,1450.85
216445,"2018-02-01 15:01:54",AXISBANK,7189366,596.85
216444,"2018-02-01 15:01:51",HDIL,11938900,57
216443,"2018-02-01 15:01:49",INFY,5888123,1143.35
216440,"2018-02-01 15:01:48",IDFCBANK,7984805,56.05
216441,"2018-02-01 15:01:48",MARUTI,488456,9413.8
216442,"2018-02-01 15:01:48",ITC,52870275,275.75
216438,"2018-02-01 15:01:46",HDIL,11933546,57
216439,"2018-02-01 15:01:46",INFY,5885726,1143.5
216437,"2018-02-01 15:01:45",MARUTI,488032,9410.1
216436,"2018-02-01 15:01:42",HDFC,3421594,1968.25
216435,"2018-02-01 15:01:41",ITC,52846005,275.75
216433,"2018-02-01 15:01:40",KOTAKBANK,3081899,1119.1
216434,"2018-02-01 15:01:40",LT,7744059,1450.65
216432,"2018-02-01 15:01:39",AXISBANK,7183980,597
216431,"2018-02-01 15:01:34",LT,7741540,1451.5
216429,"2018-02-01 15:01:31",HDIL,11933146,57
216430,"2018-02-01 15:01:31",HDFC,3420229,1968.65
216427,"2018-02-01 15:01:29",INFY,5882950,1143.7
216428,"2018-02-01 15:01:29",MARUTI,486483,9424.9
216425,"2018-02-01 15:01:27",RELIANCE,6789581,941
216426,"2018-02-01 15:01:27",AXISBANK,7181635,597.9
216423,"2018-02-01 15:01:23",LT,7738090,1451.35
216424,"2018-02-01 15:01:23",HDFC,3419032,1968.5
216422,"2018-02-01 15:01:21",IDFCBANK,7981488,56.1
216421,"2018-02-01 15:01:18",JINDALSTEL,8812792,266.2
216420,"2018-02-01 15:01:17",SBIN,17103496,307.65
216419,"2018-02-01 15:01:16",MARUTI,486296,9425
216418,"2018-02-01 15:01:15",AXISBANK,7158660,598.4
216416,"2018-02-01 15:01:12",RELIANCE,6783680,941.2
216417,"2018-02-01 15:01:12",AXISBANK,7156602,598.25
216415,"2018-02-01 15:01:11",HDIL,11912627,57
216414,"2018-02-01 15:01:09",LT,7732349,1450.05
216413,"2018-02-01 15:01:08",INFY,5877186,1144.2
216412,"2018-02-01 15:01:05",JINDALSTEL,8810099,266.7
216411,"2018-02-01 15:01:03",LT,7704575,1452.3
216410,"2018-02-01 15:01:02",RELIANCE,6775654,941.2
216409,"2018-02-01 15:01:01",HDFCBANK,1444889,1997.05
216408,"2018-02-01 15:00:59",ICICIBANK,24737740,347
216405,"2018-02-01 15:00:56",KOTAKBANK,3071659,1121.15
216406,"2018-02-01 15:00:56",HDIL,11895302,57
216407,"2018-02-01 15:00:56",MARUTI,486019,9428.05
216403,"2018-02-01 15:00:53",AXISBANK,7153888,598.4
216404,"2018-02-01 15:00:53",INFY,5876101,1144.25
216401,"2018-02-01 15:00:50",LT,7703128,1452.25
216402,"2018-02-01 15:00:50",IDFCBANK,7954787,56.15
216399,"2018-02-01 15:00:47",INFY,5869798,1144.6
216400,"2018-02-01 15:00:47",JINDALSTEL,8804423,266.6
216398,"2018-02-01 15:00:46",HDFCBANK,1444684,1996.9
216395,"2018-02-01 15:00:44",AXISBANK,7142933,599.7
216396,"2018-02-01 15:00:44",KOTAKBANK,3068597,1121.15
216397,"2018-02-01 15:00:44",HDFC,3416024,1968.55
216394,"2018-02-01 15:00:40",HDFC,3415178,1968.75
216392,"2018-02-01 15:00:39",SBIN,17069901,307.75
216393,"2018-02-01 15:00:39",ITC,52682473,276.85
216391,"2018-02-01 15:00:36",HDFCBANK,1444201,1997.2
216390,"2018-02-01 15:00:35",KOTAKBANK,3061348,1120.4
216389,"2018-02-01 15:00:34",AXISBANK,7140320,599.9
216388,"2018-02-01 15:00:33",IDFCBANK,7951499,56.1
216387,"2018-02-01 15:00:32",LT,7700918,1451.65
216386,"2018-02-01 15:00:31",HDFCBANK,1444056,1996.4
216385,"2018-02-01 15:00:30",ICICIBANK,24681719,347
216384,"2018-02-01 15:00:29",HDIL,11882402,57.1
216383,"2018-02-01 15:00:27",AXISBANK,7139657,599.55
216382,"2018-02-01 15:00:25",JINDALSTEL,8803521,266.7
216380,"2018-02-01 15:00:24",IDFCBANK,7948120,56.15
216381,"2018-02-01 15:00:24",RELIANCE,6765321,941.05
216376,"2018-02-01 15:00:22",HDFC,3408799,1967.05
216377,"2018-02-01 15:00:22",HDIL,11882302,57.1
216378,"2018-02-01 15:00:22",LT,7700740,1451.65
216379,"2018-02-01 15:00:22",AXISBANK,7139355,599.5
216375,"2018-02-01 15:00:19",SBIN,17062224,307.8
216374,"2018-02-01 15:00:17",LT,7700454,1451.4
216372,"2018-02-01 15:00:14",IDFCBANK,7945069,56.2
216373,"2018-02-01 15:00:14",AXISBANK,7137182,600.15
216371,"2018-02-01 15:00:11",HDFC,3407628,1967.2
216369,"2018-02-01 15:00:09",IDFCBANK,7944869,56.15
216370,"2018-02-01 15:00:09",LT,7698941,1452.4
216368,"2018-02-01 15:00:06",AXISBANK,7136152,600.15
216366,"2018-02-01 15:00:04",AXISBANK,7135923,600.15
216367,"2018-02-01 15:00:04",HDFC,3407558,1967.8
216364,"2018-02-01 15:00:03",KOTAKBANK,2855466,1120.35
216365,"2018-02-01 15:00:03",MARUTI,484206,9431
216363,"2018-02-01 15:00:01",INFY,5860687,1145.45
216362,"2018-02-01 14:59:58",HDIL,11879155,57.1
216361,"2018-02-01 14:59:57",IDFCBANK,7944274,56.25
216360,"2018-02-01 14:59:56",ICICIBANK,24661167,347.05
216359,"2018-02-01 14:59:54",AXISBANK,7135291,600.1
216357,"2018-02-01 14:59:52",HDFCBANK,1442075,1997.75
216358,"2018-02-01 14:59:52",IDFCBANK,7929187,56.15
216356,"2018-02-01 14:59:50",MARUTI,483885,9437.55
216353,"2018-02-01 14:59:46",LT,7692461,1452
216354,"2018-02-01 14:59:46",ICICIBANK,24645018,347.05
216355,"2018-02-01 14:59:46",INFY,5859550,1146.45
216352,"2018-02-01 14:59:45",AXISBANK,7134512,600.15
216351,"2018-02-01 14:59:44",ITC,52597013,276.8
216349,"2018-02-01 14:59:43",SBIN,17031301,308.3
216350,"2018-02-01 14:59:43",RELIANCE,6752047,941.5
216347,"2018-02-01 14:59:40",HDIL,11877870,57.05
216348,"2018-02-01 14:59:40",HDFCBANK,1441936,1997.2
216346,"2018-02-01 14:59:38",ITC,52573168,276.7
216345,"2018-02-01 14:59:37",IDFCBANK,7926093,56.1
216344,"2018-02-01 14:59:34",KOTAKBANK,2848638,1120.05
216343,"2018-02-01 14:59:33",INFY,5857938,1146.5
216342,"2018-02-01 14:59:32",AXISBANK,7133665,599.7
216341,"2018-02-01 14:59:31",HDFCBANK,1441684,1997.15
216340,"2018-02-01 14:59:29",KOTAKBANK,2841307,1119.45
216339,"2018-02-01 14:59:27",INFY,5857501,1147.3
216338,"2018-02-01 14:59:26",HDFC,3401330,1967.05
216336,"2018-02-01 14:59:23",JINDALSTEL,8791188,266.65
216337,"2018-02-01 14:59:23",LT,7690977,1451.95
216334,"2018-02-01 14:59:21",ICICIBANK,24632210,346.7
216335,"2018-02-01 14:59:21",AXISBANK,7132258,599.7
216333,"2018-02-01 14:59:19",JINDALSTEL,8790353,266.35
216332,"2018-02-01 14:59:16",HDFC,3400947,1965.9
216331,"2018-02-01 14:59:15",SBIN,17012078,307.8
216330,"2018-02-01 14:59:14",IDFCBANK,7924886,56.1
216329,"2018-02-01 14:59:13",HDFCBANK,1441302,1996.4
216328,"2018-02-01 14:59:11",ITC,52506984,276.3
216327,"2018-02-01 14:59:10",HDIL,11859244,57.05
216326,"2018-02-01 14:59:09",AXISBANK,7131769,599.1
216324,"2018-02-01 14:59:07",HDFC,3400015,1966.95
216325,"2018-02-01 14:59:07",IDFCBANK,7922001,56.05
216323,"2018-02-01 14:59:05",LT,7688938,1452.85
216322,"2018-02-01 14:59:04",ITC,52474133,276.3
216319,"2018-02-01 14:59:01",INFY,5851566,1145.6
216320,"2018-02-01 14:59:01",HDFCBANK,1439934,1997.1
216321,"2018-02-01 14:59:01",HDIL,11858209,57.05
216317,"2018-02-01 14:58:59",AXISBANK,7129392,599.75
216318,"2018-02-01 14:58:59",KOTAKBANK,2838862,1119.5
216316,"2018-02-01 14:58:57",MARUTI,482839,9441.35
216315,"2018-02-01 14:58:56",LT,7687579,1452.9
216313,"2018-02-01 14:58:53",ICICIBANK,24615871,346.65
216314,"2018-02-01 14:58:53",AXISBANK,7127597,599.45
216312,"2018-02-01 14:58:52",MARUTI,482746,9441.05
216311,"2018-02-01 14:58:50",KOTAKBANK,2836854,1118.9
216308,"2018-02-01 14:58:47",INFY,5850382,1145.3
216309,"2018-02-01 14:58:47",IDFCBANK,7915891,56.1
216310,"2018-02-01 14:58:47",RELIANCE,6739190,941
216306,"2018-02-01 14:58:45",MARUTI,482699,9443.1
216307,"2018-02-01 14:58:45",SBIN,16993008,308
216305,"2018-02-01 14:58:43",LT,7686201,1452.5
216304,"2018-02-01 14:58:42",ITC,52317699,275.9
216302,"2018-02-01 14:58:40",HDIL,11847371,57.1
216303,"2018-02-01 14:58:40",KOTAKBANK,2836404,1118.8
216301,"2018-02-01 14:58:39",ICICIBANK,24610795,346.65
216299,"2018-02-01 14:58:36",JINDALSTEL,8778831,266.55
216300,"2018-02-01 14:58:36",AXISBANK,7126924,599.45
216298,"2018-02-01 14:58:33",ITC,52251935,276.1
216296,"2018-02-01 14:58:32",KOTAKBANK,2834070,1119.75
216297,"2018-02-01 14:58:32",AXISBANK,7125995,599.55
216295,"2018-02-01 14:58:29",RELIANCE,6736810,940.8
216294,"2018-02-01 14:58:28",INFY,5849126,1145.25
216289,"2018-02-01 14:58:21",AXISBANK,7124251,600.25
216290,"2018-02-01 14:58:21",LT,7685143,1451.85
216291,"2018-02-01 14:58:21",HDFCBANK,1439026,1996.5
216292,"2018-02-01 14:58:21",MARUTI,482487,9443
216293,"2018-02-01 14:58:21",KOTAKBANK,2832831,1119.7
216288,"2018-02-01 14:58:18",RELIANCE,6733535,941.2
216287,"2018-02-01 14:58:15",KOTAKBANK,2832809,1119.55
216286,"2018-02-01 14:58:14",AXISBANK,7123425,600.5
216285,"2018-02-01 14:58:12",KOTAKBANK,2832707,1119.15
216284,"2018-02-01 14:58:11",HDIL,11840780,57.15
216283,"2018-02-01 14:58:10",INFY,5848788,1145.85
216282,"2018-02-01 14:58:09",IDFCBANK,7904224,56.2
216281,"2018-02-01 14:58:06",JINDALSTEL,8774068,266.8
216280,"2018-02-01 14:58:01",HDIL,11839292,57.15
216279,"2018-02-01 14:58:00",SBIN,16954619,308.35
216276,"2018-02-01 14:57:59",KOTAKBANK,2831313,1119.95
216277,"2018-02-01 14:57:59",RELIANCE,6729454,940.85
216278,"2018-02-01 14:57:59",INFY,5847547,1145.9
216275,"2018-02-01 14:57:57",AXISBANK,7121522,600.5
216274,"2018-02-01 14:57:55",HDIL,11837574,57.15
216272,"2018-02-01 14:57:54",ITC,52130016,276.25
216273,"2018-02-01 14:57:54",INFY,5846766,1145.95
216270,"2018-02-01 14:57:53",IDFCBANK,7904219,56.25
216271,"2018-02-01 14:57:53",JINDALSTEL,8773866,266.9
216269,"2018-02-01 14:57:49",HDFCBANK,1437467,1997.95
216268,"2018-02-01 14:57:48",HDIL,11826709,57.2
216267,"2018-02-01 14:57:47",JINDALSTEL,8772961,266.75
216265,"2018-02-01 14:57:41",IDFCBANK,7904119,56.25
216266,"2018-02-01 14:57:41",SBIN,16948624,308.25
216264,"2018-02-01 14:57:40",INFY,5846524,1145.9
216263,"2018-02-01 14:57:39",ITC,52097517,276.25
216261,"2018-02-01 14:57:37",HDIL,11823601,57.2
216262,"2018-02-01 14:57:37",AXISBANK,7118701,600.5
216260,"2018-02-01 14:57:36",ICICIBANK,24548060,347.7
216259,"2018-02-01 14:57:34",ITC,52053134,276.5
216258,"2018-02-01 14:57:33",LT,7676399,1451.25
216257,"2018-02-01 14:57:32",IDFCBANK,7903439,56.25
216256,"2018-02-01 14:57:29",SBIN,16941437,308.1
216255,"2018-02-01 14:57:28",AXISBANK,7118247,600.25
216254,"2018-02-01 14:57:25",SBIN,16923908,308.15
216252,"2018-02-01 14:57:24",HDFCBANK,1436246,1996.9
216253,"2018-02-01 14:57:24",ITC,51986035,276.65
216251,"2018-02-01 14:57:22",HDFC,3370652,1969.25
216250,"2018-02-01 14:57:21",ICICIBANK,24537339,347.55
216248,"2018-02-01 14:57:20",AXISBANK,7116985,600.25
216249,"2018-02-01 14:57:20",JINDALSTEL,8770712,267
216247,"2018-02-01 14:57:19",RELIANCE,6717929,940.55
216246,"2018-02-01 14:57:14",KOTAKBANK,2822400,1120
216244,"2018-02-01 14:57:12",AXISBANK,7115664,600.45
216245,"2018-02-01 14:57:12",IDFCBANK,7892467,56.25
216243,"2018-02-01 14:57:11",HDFC,3351482,1968.6
216242,"2018-02-01 14:57:09",INFY,5843280,1146.2
216240,"2018-02-01 14:57:08",HDFCBANK,1434492,1996.95
216241,"2018-02-01 14:57:08",LT,7672451,1451.95
216236,"2018-02-01 14:57:07",AXISBANK,7115664,600.45
216237,"2018-02-01 14:57:07",IDFCBANK,7892142,56.2
216238,"2018-02-01 14:57:07",JINDALSTEL,8770037,267.05
216239,"2018-02-01 14:57:07",AXISBANK,7115156,600.45
216235,"2018-02-01 14:57:02",RELIANCE,6705981,940.4
216234,"2018-02-01 14:57:01",JINDALSTEL,8769352,267.1
216233,"2018-02-01 14:56:59",ICICIBANK,24529147,347.6
216232,"2018-02-01 14:56:56",AXISBANK,7115156,600.45
216230,"2018-02-01 14:56:55",JINDALSTEL,8767932,267.2
216231,"2018-02-01 14:56:55",IDFCBANK,7890942,56.25
216229,"2018-02-01 14:56:50",HDIL,11819706,57.2
216226,"2018-02-01 14:56:49",MARUTI,481270,9443.2
216227,"2018-02-01 14:56:49",HDFC,3349301,1969.2
216228,"2018-02-01 14:56:49",KOTAKBANK,2817949,1121
216224,"2018-02-01 14:56:47",AXISBANK,7113735,600.5
216225,"2018-02-01 14:56:47",INFY,5841450,1146.4
216223,"2018-02-01 14:56:45",LT,7671283,1450.85
216222,"2018-02-01 14:56:44",ICICIBANK,24517130,347.75
216220,"2018-02-01 14:56:43",INFY,5840887,1146.45
216221,"2018-02-01 14:56:43",LT,7669770,1451.95
216219,"2018-02-01 14:56:42",HDFCBANK,1433977,1997.75
216217,"2018-02-01 14:56:37",HDIL,11808987,57.2
216218,"2018-02-01 14:56:37",AXISBANK,7113233,600.5
216216,"2018-02-01 14:56:36",SBIN,16884196,308.45
216214,"2018-02-01 14:56:35",HDFC,3347952,1970
216215,"2018-02-01 14:56:35",MARUTI,481178,9441.65
216212,"2018-02-01 14:56:32",SBIN,16882148,308.35
216213,"2018-02-01 14:56:32",HDIL,11807577,57.2
216209,"2018-02-01 14:56:30",HDFCBANK,1433750,1997.35
216210,"2018-02-01 14:56:30",ITC,51759195,277.2
216211,"2018-02-01 14:56:30",AXISBANK,7112576,600.5
216207,"2018-02-01 14:56:25",AXISBANK,7112329,600.55
216208,"2018-02-01 14:56:25",SBIN,16878924,308.25
216206,"2018-02-01 14:56:24",ICICIBANK,24503538,347.65
216205,"2018-02-01 14:56:23",LT,7669252,1451.05
216204,"2018-02-01 14:56:19",INFY,5839372,1146
216202,"2018-02-01 14:56:18",ITC,51694281,277.2
216203,"2018-02-01 14:56:18",AXISBANK,7111691,600.55
216200,"2018-02-01 14:56:16",MARUTI,481006,9447.5
216201,"2018-02-01 14:56:16",JINDALSTEL,8748570,267.05
216199,"2018-02-01 14:56:13",KOTAKBANK,2816126,1121.5
216198,"2018-02-01 14:56:12",SBIN,16876741,308.3
216194,"2018-02-01 14:56:10",MARUTI,480938,9448
216195,"2018-02-01 14:56:10",AXISBANK,7111458,600.4
216196,"2018-02-01 14:56:10",HDIL,11807537,57.15
216197,"2018-02-01 14:56:10",JINDALSTEL,8747545,267
216193,"2018-02-01 14:56:07",HDFCBANK,1432103,1997.05
216191,"2018-02-01 14:56:06",HDFC,3341912,1969.5
216192,"2018-02-01 14:56:06",INFY,5837599,1146.4
216190,"2018-02-01 14:56:05",HDIL,11806707,57.2
216189,"2018-02-01 14:56:04",MARUTI,480905,9448
216188,"2018-02-01 14:56:03",AXISBANK,7108459,600.7
216186,"2018-02-01 14:56:01",IDFCBANK,7890307,56.3
216187,"2018-02-01 14:56:01",HDFCBANK,1431788,1997.05
216185,"2018-02-01 14:56:00",RELIANCE,6691594,940.6
216184,"2018-02-01 14:55:59",RELIANCE,6690706,940.65
216183,"2018-02-01 14:55:58",ITC,51652786,277.35
216181,"2018-02-01 14:55:55",INFY,5837084,1146.25
216182,"2018-02-01 14:55:55",KOTAKBANK,2815080,1121.2
216180,"2018-02-01 14:55:53",IDFCBANK,7887747,56.25
216179,"2018-02-01 14:55:52",SBIN,16860368,308.5
216178,"2018-02-01 14:55:50",AXISBANK,7107224,600.75
216177,"2018-02-01 14:55:49",HDFC,3340116,1968.5
216176,"2018-02-01 14:55:47",KOTAKBANK,2814002,1121.1
216174,"2018-02-01 14:55:46",ICICIBANK,24482692,347.65
216175,"2018-02-01 14:55:46",INFY,5836696,1146.55
216171,"2018-02-01 14:55:41",MARUTI,480602,9447.85
216172,"2018-02-01 14:55:41",RELIANCE,6667869,940.3
216173,"2018-02-01 14:55:41",AXISBANK,7106221,600.65
216170,"2018-02-01 14:55:38",KOTAKBANK,2813954,1120.95
216168,"2018-02-01 14:55:34",AXISBANK,7105579,600.75
216169,"2018-02-01 14:55:34",INFY,5836463,1145.85
216167,"2018-02-01 14:55:32",IDFCBANK,7886717,56.3
216166,"2018-02-01 14:55:31",RELIANCE,6662211,940.05
216165,"2018-02-01 14:55:29",RELIANCE,6648830,941
216164,"2018-02-01 14:55:28",LT,7660171,1451.95
216163,"2018-02-01 14:55:27",ICICIBANK,24463066,347.85
216162,"2018-02-01 14:55:25",HDFCBANK,1430699,1997.5
216161,"2018-02-01 14:55:23",MARUTI,480446,9445.5
216159,"2018-02-01 14:55:22",HDFC,3339567,1967.6
216160,"2018-02-01 14:55:22",AXISBANK,7104268,600.75
216158,"2018-02-01 14:55:20",INFY,5834584,1147.3
216157,"2018-02-01 14:55:15",AXISBANK,7103128,600.45
216156,"2018-02-01 14:55:14",MARUTI,480279,9448
216155,"2018-02-01 14:55:13",LT,7659454,1451.5
216153,"2018-02-01 14:55:11",ICICIBANK,24449745,347.85
216154,"2018-02-01 14:55:11",SBIN,16816510,308.4
216152,"2018-02-01 14:55:08",JINDALSTEL,8739120,267
216151,"2018-02-01 14:55:06",RELIANCE,6642345,941.95
216150,"2018-02-01 14:55:05",INFY,5833293,1147.85
216149,"2018-02-01 14:55:02",ICICIBANK,24442350,347.8
216148,"2018-02-01 14:55:00",AXISBANK,7101624,600.45
216147,"2018-02-01 14:54:59",IDFCBANK,7886617,56.25
216145,"2018-02-01 14:54:58",JINDALSTEL,8735615,267.1
216146,"2018-02-01 14:54:58",SBIN,16800787,308
216144,"2018-02-01 14:54:57",HDFC,3338189,1967.2
216143,"2018-02-01 14:54:52",ITC,51524690,277.8
216142,"2018-02-01 14:54:51",MARUTI,480032,9448
216141,"2018-02-01 14:54:50",LT,7656078,1451.55
216140,"2018-02-01 14:54:49",AXISBANK,7100904,600.4
216139,"2018-02-01 14:54:47",JINDALSTEL,8733515,267
216137,"2018-02-01 14:54:46",KOTAKBANK,2810251,1120.95
216138,"2018-02-01 14:54:46",ICICIBANK,24422337,347.15
216135,"2018-02-01 14:54:44",AXISBANK,7100225,600.5
216136,"2018-02-01 14:54:44",HDFC,3337820,1966.85
216132,"2018-02-01 14:54:41",ITC,51505389,277.8
216133,"2018-02-01 14:54:41",MARUTI,479829,9448.45
216134,"2018-02-01 14:54:41",IDFCBANK,7885698,56.25
216131,"2018-02-01 14:54:40",SBIN,16797189,307.95
216130,"2018-02-01 14:54:38",IDFCBANK,7885067,56.25
216129,"2018-02-01 14:54:37",LT,7655402,1451.5
216128,"2018-02-01 14:54:35",RELIANCE,6638210,940.8
216126,"2018-02-01 14:54:33",JINDALSTEL,8717069,266.9
216127,"2018-02-01 14:54:33",HDFC,3337510,1967.3
216125,"2018-02-01 14:54:32",HDIL,11787478,57.1
216124,"2018-02-01 14:54:31",SBIN,16793302,308
216123,"2018-02-01 14:54:29",INFY,5830427,1147.45
216122,"2018-02-01 14:54:28",AXISBANK,7098755,600.5
216120,"2018-02-01 14:54:27",KOTAKBANK,2810084,1120.8
216121,"2018-02-01 14:54:27",HDFC,3337442,1967
216118,"2018-02-01 14:54:23",MARUTI,479582,9448.1
216119,"2018-02-01 14:54:23",RELIANCE,6637532,940.75
216116,"2018-02-01 14:54:21",LT,7654931,1451.6
216117,"2018-02-01 14:54:21",KOTAKBANK,2810004,1120.9
216114,"2018-02-01 14:54:18",INFY,5829823,1147.45
216115,"2018-02-01 14:54:18",AXISBANK,7097697,600.6
216111,"2018-02-01 14:54:16",MARUTI,479572,9448.85
216112,"2018-02-01 14:54:16",INFY,5829798,1147.3
216113,"2018-02-01 14:54:16",RELIANCE,6636935,941.05
216109,"2018-02-01 14:54:13",SBIN,16779402,308
216110,"2018-02-01 14:54:13",AXISBANK,7097176,600.75
216107,"2018-02-01 14:54:11",IDFCBANK,7872208,56.35
216108,"2018-02-01 14:54:11",LT,7652420,1451.85
216105,"2018-02-01 14:54:10",HDFC,3336380,1967.45
216106,"2018-02-01 14:54:10",RELIANCE,6633699,941.9
216104,"2018-02-01 14:54:08",ICICIBANK,24403316,347.1
216103,"2018-02-01 14:54:07",AXISBANK,7094947,600.85
216101,"2018-02-01 14:54:05",ICICIBANK,24401750,347.3
216102,"2018-02-01 14:54:05",HDIL,11784608,57.05
216099,"2018-02-01 14:54:04",HDFCBANK,1424645,1997.65
216100,"2018-02-01 14:54:04",JINDALSTEL,8712566,266.85
216096,"2018-02-01 14:53:59",HDFCBANK,1424359,1997.65
216097,"2018-02-01 14:53:59",HDIL,11775058,57.15
216098,"2018-02-01 14:53:59",SBIN,16763418,308
216095,"2018-02-01 14:53:56",INFY,5826768,1147.1
216094,"2018-02-01 14:53:54",IDFCBANK,7864804,56.3
216091,"2018-02-01 14:53:53",LT,7650660,1451.55
216092,"2018-02-01 14:53:53",JINDALSTEL,8712249,266.7
216093,"2018-02-01 14:53:53",AXISBANK,7092824,600.9
216090,"2018-02-01 14:53:50",RELIANCE,6630757,941.85
216089,"2018-02-01 14:53:49",ICICIBANK,24388214,347
216087,"2018-02-01 14:53:47",KOTAKBANK,2807450,1120.85
216088,"2018-02-01 14:53:47",LT,7650265,1451.6
216086,"2018-02-01 14:53:44",HDIL,11774347,57.15
216083,"2018-02-01 14:53:42",HDIL,11772097,57.1
216084,"2018-02-01 14:53:42",SBIN,16702625,307.95
216085,"2018-02-01 14:53:42",AXISBANK,7091984,600.7
216082,"2018-02-01 14:53:41",IDFCBANK,7854759,56.25
216081,"2018-02-01 14:53:40",JINDALSTEL,8712042,266.85
216079,"2018-02-01 14:53:39",LT,7649844,1451.1
216080,"2018-02-01 14:53:39",RELIANCE,6625346,941.15
216077,"2018-02-01 14:53:36",AXISBANK,7091394,600.45
216078,"2018-02-01 14:53:36",ITC,51365315,277.85
216075,"2018-02-01 14:53:34",KOTAKBANK,2807011,1121
216076,"2018-02-01 14:53:34",HDFC,3335318,1966.9
216074,"2018-02-01 14:53:33",MARUTI,479119,9443.15
216073,"2018-02-01 14:53:31",IDFCBANK,7755928,56.25
216072,"2018-02-01 14:53:29",HDFC,3334975,1967
216071,"2018-02-01 14:53:28",HDIL,11771097,57.1
216070,"2018-02-01 14:53:27",INFY,5824498,1146.55
216069,"2018-02-01 14:53:25",ITC,51335514,277.85
216068,"2018-02-01 14:53:24",AXISBANK,7084867,600.35
216067,"2018-02-01 14:53:22",LT,7647763,1450.65
216066,"2018-02-01 14:53:20",RELIANCE,6623860,941.3
216065,"2018-02-01 14:53:18",SBIN,16692445,307.95
216063,"2018-02-01 14:53:17",INFY,5824353,1147.35
216064,"2018-02-01 14:53:17",ICICIBANK,24371748,346.75
216062,"2018-02-01 14:53:16",KOTAKBANK,2806158,1120.3
216060,"2018-02-01 14:53:15",AXISBANK,7084118,600.2
216061,"2018-02-01 14:53:15",ITC,51320899,277.9
216058,"2018-02-01 14:53:10",RELIANCE,6621010,941.4
216059,"2018-02-01 14:53:10",JINDALSTEL,8708184,266.7
216057,"2018-02-01 14:53:07",MARUTI,478809,9441.2
216055,"2018-02-01 14:53:05",HDFC,3327033,1967.55
216056,"2018-02-01 14:53:05",AXISBANK,7080343,600.1
216054,"2018-02-01 14:53:04",MARUTI,478700,9441
216053,"2018-02-01 14:53:03",HDIL,11768261,57.1
216052,"2018-02-01 14:53:01",LT,7642737,1450.9
216050,"2018-02-01 14:52:58",IDFCBANK,7751654,56.15
216051,"2018-02-01 14:52:58",SBIN,16681047,307.95
216048,"2018-02-01 14:52:57",KOTAKBANK,2803436,1120.5
216049,"2018-02-01 14:52:57",INFY,5821674,1147.35
216047,"2018-02-01 14:52:54",AXISBANK,7078663,600.1
216046,"2018-02-01 14:52:52",IDFCBANK,7751474,56.2
216045,"2018-02-01 14:52:51",ITC,51276308,278.05
216044,"2018-02-01 14:52:50",RELIANCE,6618940,941.25
216043,"2018-02-01 14:52:48",MARUTI,478603,9440.45
216042,"2018-02-01 14:52:47",AXISBANK,7078123,600.15
216041,"2018-02-01 14:52:46",JINDALSTEL,8705488,266.5
216040,"2018-02-01 14:52:44",ITC,51256728,278.1
216039,"2018-02-01 14:52:41",MARUTI,478497,9441
216036,"2018-02-01 14:52:40",INFY,5820895,1147.45
216037,"2018-02-01 14:52:40",IDFCBANK,7751134,56.2
216038,"2018-02-01 14:52:40",AXISBANK,7077074,600
216034,"2018-02-01 14:52:39",SBIN,16669895,307.85
216035,"2018-02-01 14:52:39",LT,7641841,1450.5
216033,"2018-02-01 14:52:36",RELIANCE,6614064,941.1
216031,"2018-02-01 14:52:34",HDFC,3320387,1966.75
216032,"2018-02-01 14:52:34",SBIN,16668311,307.8
216030,"2018-02-01 14:52:31",RELIANCE,6611657,941.1
216029,"2018-02-01 14:52:29",AXISBANK,7076639,599.95
216028,"2018-02-01 14:52:28",MARUTI,478311,9441.5
216027,"2018-02-01 14:52:25",INFY,5816544,1147.1
216026,"2018-02-01 14:52:23",KOTAKBANK,2802111,1120
216025,"2018-02-01 14:52:21",AXISBANK,7075977,600
216024,"2018-02-01 14:52:20",HDFCBANK,1416054,1996.45
216023,"2018-02-01 14:52:19",MARUTI,478222,9442.45
216021,"2018-02-01 14:52:17",AXISBANK,7075830,600
216022,"2018-02-01 14:52:17",HDIL,11764323,57.1
216020,"2018-02-01 14:52:16",MARUTI,478217,9442.45
216019,"2018-02-01 14:52:15",RELIANCE,6609468,940.7
216018,"2018-02-01 14:52:14",ICICIBANK,24341417,346.75
216017,"2018-02-01 14:52:13",HDIL,11764273,57.1
216014,"2018-02-01 14:52:11",INFY,5816117,1146.9
216015,"2018-02-01 14:52:11",MARUTI,478144,9441.6
216016,"2018-02-01 14:52:11",JINDALSTEL,8702635,266.55
216013,"2018-02-01 14:52:10",AXISBANK,7074776,600
216012,"2018-02-01 14:52:09",RELIANCE,6608394,941.3
216010,"2018-02-01 14:52:08",MARUTI,478124,9440.95
216011,"2018-02-01 14:52:08",ICICIBANK,24338097,346.9
216009,"2018-02-01 14:52:06",RELIANCE,6606457,941.5
216008,"2018-02-01 14:52:05",AXISBANK,7073314,600
216007,"2018-02-01 14:52:03",HDFCBANK,1413080,1996.9
216006,"2018-02-01 14:52:01",HDFC,3318495,1966.95
216005,"2018-02-01 14:52:00",KOTAKBANK,2799833,1120.5
216004,"2018-02-01 14:51:58",AXISBANK,7072821,599.95
216003,"2018-02-01 14:51:57",LT,7633819,1450.45
216001,"2018-02-01 14:51:56",HDFCBANK,1412241,1997.2
216002,"2018-02-01 14:51:56",JINDALSTEL,8694062,266.4
216000,"2018-02-01 14:51:54",SBIN,16629261,307.65
215999,"2018-02-01 14:51:52",IDFCBANK,7734146,56.15
215997,"2018-02-01 14:51:50",HDIL,11752152,57.05
215998,"2018-02-01 14:51:50",KOTAKBANK,2798580,1120.45
215994,"2018-02-01 14:51:49",MARUTI,477877,9442.85
215995,"2018-02-01 14:51:49",AXISBANK,7069576,599.9
215996,"2018-02-01 14:51:49",LT,7633016,1450.35
215993,"2018-02-01 14:51:46",HDFC,3318280,1967
215991,"2018-02-01 14:51:44",HDFC,3317949,1967
215992,"2018-02-01 14:51:44",INFY,5812505,1146.45
215990,"2018-02-01 14:51:43",SBIN,16620733,307.5
215989,"2018-02-01 14:51:41",RELIANCE,6602323,940.45
215987,"2018-02-01 14:51:38",MARUTI,477822,9443.4
215988,"2018-02-01 14:51:38",IDFCBANK,7733646,56.2
215986,"2018-02-01 14:51:37",KOTAKBANK,2797749,1120.45
215985,"2018-02-01 14:51:36",AXISBANK,7067464,599.45
215983,"2018-02-01 14:51:35",INFY,5811427,1146.7
215984,"2018-02-01 14:51:35",ICICIBANK,24311478,346.65
215981,"2018-02-01 14:51:31",KOTAKBANK,2797115,1120.45
215982,"2018-02-01 14:51:31",HDIL,11751686,57.1
215978,"2018-02-01 14:51:30",HDFC,3317588,1968.05
215979,"2018-02-01 14:51:30",AXISBANK,7066974,599.35
215980,"2018-02-01 14:51:30",JINDALSTEL,8692368,266.25
215977,"2018-02-01 14:51:29",IDFCBANK,7733286,56.15
215976,"2018-02-01 14:51:27",HDFCBANK,1410949,1995.45
215975,"2018-02-01 14:51:24",SBIN,16610418,307.5
215973,"2018-02-01 14:51:23",JINDALSTEL,8692117,266.4
215974,"2018-02-01 14:51:23",ICICIBANK,24308290,346.7
215972,"2018-02-01 14:51:20",RELIANCE,6599994,940.5
215970,"2018-02-01 14:51:18",KOTAKBANK,2796648,1120.2
215971,"2018-02-01 14:51:18",HDFCBANK,1410799,1995.35
215967,"2018-02-01 14:51:17",HDFC,3312319,1967.05
215968,"2018-02-01 14:51:17",AXISBANK,7065920,599.35
215969,"2018-02-01 14:51:17",HDIL,11751186,57.1
215965,"2018-02-01 14:51:12",LT,7628023,1452
215966,"2018-02-01 14:51:12",MARUTI,477465,9447
215964,"2018-02-01 14:51:11",SBIN,16604710,307.5
215963,"2018-02-01 14:51:10",ITC,51036673,278.65
215962,"2018-02-01 14:51:08",HDIL,11749923,57.1
215959,"2018-02-01 14:51:06",ICICIBANK,24299910,346.95
215960,"2018-02-01 14:51:06",KOTAKBANK,2795658,1120
215961,"2018-02-01 14:51:06",AXISBANK,7064453,599.7
215957,"2018-02-01 14:51:04",KOTAKBANK,2794013,1120
215958,"2018-02-01 14:51:04",HDIL,11748923,57.1
215956,"2018-02-01 14:51:03",SBIN,16580755,307.6
215955,"2018-02-01 14:51:02",AXISBANK,7063799,599.8
215952,"2018-02-01 14:51:00",IDFCBANK,7726847,56.15
215953,"2018-02-01 14:51:00",ICICIBANK,24298488,347
215954,"2018-02-01 14:51:00",INFY,5785127,1146.2
215951,"2018-02-01 14:50:58",MARUTI,477327,9448
215950,"2018-02-01 14:50:57",LT,7626045,1452.15
215949,"2018-02-01 14:50:56",SBIN,16576547,307.65
215947,"2018-02-01 14:50:54",IDFCBANK,7715792,56.2
215948,"2018-02-01 14:50:54",LT,7625631,1451.7
215945,"2018-02-01 14:50:52",ITC,50990499,278.35
215946,"2018-02-01 14:50:52",KOTAKBANK,2793346,1120
215944,"2018-02-01 14:50:50",MARUTI,477275,9449.9
215943,"2018-02-01 14:50:47",AXISBANK,7062773,599.8
215941,"2018-02-01 14:50:46",MARUTI,477111,9448.65
215942,"2018-02-01 14:50:46",IDFCBANK,7699341,56.25
215940,"2018-02-01 14:50:44",ICICIBANK,24286276,346.9
215939,"2018-02-01 14:50:42",JINDALSTEL,8689702,266.35
215938,"2018-02-01 14:50:41",AXISBANK,7062023,599.55
215937,"2018-02-01 14:50:39",HDFCBANK,1409047,1994.4
215935,"2018-02-01 14:50:38",RELIANCE,6591925,941.2
215936,"2018-02-01 14:50:38",HDIL,11748376,57.1
215934,"2018-02-01 14:50:35",IDFCBANK,7672489,56.3
215933,"2018-02-01 14:50:33",INFY,5727276,1146.75
215931,"2018-02-01 14:50:31",AXISBANK,7061307,600.1
215932,"2018-02-01 14:50:31",LT,7624776,1451.45
215930,"2018-02-01 14:50:30",ICICIBANK,24247377,347.1
215929,"2018-02-01 14:50:29",HDIL,11746171,57.15
215928,"2018-02-01 14:50:27",LT,7623082,1451.7
215927,"2018-02-01 14:50:24",RELIANCE,6591573,941.05
215926,"2018-02-01 14:50:22",HDIL,11733197,57.2
215925,"2018-02-01 14:50:21",HDFCBANK,1407551,1997.2
215924,"2018-02-01 14:50:19",IDFCBANK,7671739,56.3
215922,"2018-02-01 14:50:18",ITC,50943071,278.05
215923,"2018-02-01 14:50:18",AXISBANK,7058633,600.15
215921,"2018-02-01 14:50:16",KOTAKBANK,2790915,1120.35
215920,"2018-02-01 14:50:14",SBIN,16553512,307.7
215919,"2018-02-01 14:50:13",AXISBANK,7058402,600.15
215918,"2018-02-01 14:50:12",MARUTI,476570,9450
215917,"2018-02-01 14:50:09",ITC,50906480,278
215915,"2018-02-01 14:50:08",HDFCBANK,1405727,1998.55
215916,"2018-02-01 14:50:08",RELIANCE,6586835,941.7
215914,"2018-02-01 14:50:07",AXISBANK,7056379,600.1
215913,"2018-02-01 14:50:06",HDFC,3302269,1968.35
215912,"2018-02-01 14:50:05",AXISBANK,7056329,600.3
215911,"2018-02-01 14:50:04",ITC,50875517,278.05
215910,"2018-02-01 14:50:03",MARUTI,476484,9448.95
215909,"2018-02-01 14:50:01",INFY,5718957,1148.55
215908,"2018-02-01 14:50:00",LT,7619584,1452.25
215907,"2018-02-01 14:49:58",HDFCBANK,1404519,1998.05
215906,"2018-02-01 14:49:57",JINDALSTEL,8670697,266.7
215905,"2018-02-01 14:49:56",AXISBANK,7055733,600.2
215902,"2018-02-01 14:49:55",LT,7618884,1450.8
215903,"2018-02-01 14:49:55",HDIL,11732211,57.2
215904,"2018-02-01 14:49:55",HDFC,3302165,1968.4
215901,"2018-02-01 14:49:53",HDFC,3301500,1968.5
215900,"2018-02-01 14:49:52",KOTAKBANK,2787877,1120
215899,"2018-02-01 14:49:50",SBIN,16526430,307.8
215898,"2018-02-01 14:49:49",ICICIBANK,24216914,347.35
215897,"2018-02-01 14:49:48",RELIANCE,6585344,941.35
215894,"2018-02-01 14:49:47",INFY,5717650,1150
215895,"2018-02-01 14:49:47",MARUTI,476452,9449.3
215896,"2018-02-01 14:49:47",AXISBANK,7053712,600.45
215892,"2018-02-01 14:49:44",HDFCBANK,1403489,1997.2
215893,"2018-02-01 14:49:44",HDFCBANK,1403576,1997.55
215891,"2018-02-01 14:49:43",HDFC,3300885,1968.6
215890,"2018-02-01 14:49:42",JINDALSTEL,8670247,266.65
215889,"2018-02-01 14:49:40",SBIN,16520767,308
215888,"2018-02-01 14:49:39",RELIANCE,6583240,941.45
215887,"2018-02-01 14:49:37",INFY,5714210,1149
215885,"2018-02-01 14:49:35",AXISBANK,7052126,600.45
215886,"2018-02-01 14:49:35",LT,7617084,1452.3
215884,"2018-02-01 14:49:31",JINDALSTEL,8669152,266.6
215883,"2018-02-01 14:49:29",HDFCBANK,1403137,1996.5
215881,"2018-02-01 14:49:27",ICICIBANK,24206661,347.25
215882,"2018-02-01 14:49:27",SBIN,16505787,308
215880,"2018-02-01 14:49:25",INFY,5711019,1149
215878,"2018-02-01 14:49:24",LT,7615704,1452.9
215879,"2018-02-01 14:49:24",AXISBANK,7050981,600.5
215877,"2018-02-01 14:49:21",LT,7615318,1452.15
215876,"2018-02-01 14:49:19",KOTAKBANK,2785637,1119.95
215875,"2018-02-01 14:49:18",SBIN,16495359,308
215874,"2018-02-01 14:49:17",INFY,5705114,1149.25
215873,"2018-02-01 14:49:16",ITC,50726523,277.85
215872,"2018-02-01 14:49:14",AXISBANK,7050351,600.4
215870,"2018-02-01 14:49:11",LT,7614249,1452.85
215871,"2018-02-01 14:49:11",HDFC,3294643,1968.5
215869,"2018-02-01 14:49:08",JINDALSTEL,8668582,266.6
215868,"2018-02-01 14:49:06",AXISBANK,7044413,599.7
215865,"2018-02-01 14:49:05",INFY,5701546,1151.25
215866,"2018-02-01 14:49:05",MARUTI,475965,9449.75
215867,"2018-02-01 14:49:05",ITC,50713384,277.85
215864,"2018-02-01 14:49:04",SBIN,16483754,307.95
215863,"2018-02-01 14:49:01",SBIN,16477341,307.8
215862,"2018-02-01 14:48:59",IDFCBANK,7666216,56.3
215861,"2018-02-01 14:48:58",AXISBANK,7043633,599.7
215860,"2018-02-01 14:48:56",ITC,50670489,277.65
215859,"2018-02-01 14:48:55",LT,7613847,1453.3
215858,"2018-02-01 14:48:54",HDFC,3293899,1968.05
215856,"2018-02-01 14:48:53",IDFCBANK,7665896,56.3
215857,"2018-02-01 14:48:53",JINDALSTEL,8668356,266.65
215855,"2018-02-01 14:48:52",INFY,5700043,1151.75
215854,"2018-02-01 14:48:51",KOTAKBANK,2782308,1120
215853,"2018-02-01 14:48:50",HDFCBANK,1400922,1997.2
215851,"2018-02-01 14:48:48",AXISBANK,7040694,599.7
215852,"2018-02-01 14:48:48",HDIL,11728628,57.25
215850,"2018-02-01 14:48:47",HDFC,3293825,1968.7
215849,"2018-02-01 14:48:46",SBIN,16472795,307.8
215848,"2018-02-01 14:48:45",LT,7613139,1452.85
215847,"2018-02-01 14:48:41",AXISBANK,7038914,599.25
215846,"2018-02-01 14:48:39",KOTAKBANK,2781449,1120
215844,"2018-02-01 14:48:38",ICICIBANK,24179386,347.3
215845,"2018-02-01 14:48:38",SBIN,16467662,307.7
215843,"2018-02-01 14:48:36",ITC,50579482,277.8
215842,"2018-02-01 14:48:35",IDFCBANK,7660451,56.3
215841,"2018-02-01 14:48:33",JINDALSTEL,8665353,266.7
215840,"2018-02-01 14:48:32",HDIL,11726961,57.15
215839,"2018-02-01 14:48:30",KOTAKBANK,2781052,1120
215838,"2018-02-01 14:48:27",SBIN,16464315,307.75
215837,"2018-02-01 14:48:25",AXISBANK,7035959,599.05
215835,"2018-02-01 14:48:24",IDFCBANK,7660221,56.35
215836,"2018-02-01 14:48:24",INFY,5698222,1150.9
215833,"2018-02-01 14:48:21",HDFC,3287854,1966.65
215834,"2018-02-01 14:48:21",KOTAKBANK,2780211,1120.7
215832,"2018-02-01 14:48:19",AXISBANK,6978022,600.8
215831,"2018-02-01 14:48:18",MARUTI,475555,9447.95
215830,"2018-02-01 14:48:17",HDFCBANK,1400011,1997.7
215829,"2018-02-01 14:48:14",ITC,50480745,277.9
215828,"2018-02-01 14:48:13",HDIL,11726028,57.2
215826,"2018-02-01 14:48:11",AXISBANK,6977874,600.85
215827,"2018-02-01 14:48:11",KOTAKBANK,2779186,1120
215824,"2018-02-01 14:48:09",IDFCBANK,7659717,56.3
215825,"2018-02-01 14:48:09",ITC,50465914,277.85
215823,"2018-02-01 14:48:08",AXISBANK,6976058,600.8
215822,"2018-02-01 14:48:03",AXISBANK,6975760,600.95
215818,"2018-02-01 14:48:01",KOTAKBANK,2778140,1120.2
215819,"2018-02-01 14:48:01",AXISBANK,6975760,600.95
215820,"2018-02-01 14:48:01",AXISBANK,6975143,600.75
215821,"2018-02-01 14:48:01",IDFCBANK,7658960,56.3
215817,"2018-02-01 14:47:57",INFY,5696414,1150.9
215816,"2018-02-01 14:47:56",AXISBANK,6975143,600.75
215815,"2018-02-01 14:47:53",ITC,50420602,277.9
215814,"2018-02-01 14:47:52",KOTAKBANK,2776990,1120
215813,"2018-02-01 14:47:50",HDFC,3285753,1968.35
215812,"2018-02-01 14:47:46",SBIN,16447726,307.65
215811,"2018-02-01 14:47:45",AXISBANK,6974130,600.75
215810,"2018-02-01 14:47:44",MARUTI,475252,9446.9
215809,"2018-02-01 14:47:42",JINDALSTEL,8664565,266.65
215808,"2018-02-01 14:47:41",IDFCBANK,7658117,56.3
215807,"2018-02-01 14:47:39",HDFCBANK,1396421,1997.4
215805,"2018-02-01 14:47:36",MARUTI,475215,9447
215806,"2018-02-01 14:47:36",ITC,50323137,278.25
215804,"2018-02-01 14:47:34",RELIANCE,6564342,940.6
215803,"2018-02-01 14:47:32",AXISBANK,6973760,600.85
215802,"2018-02-01 14:47:31",HDFCBANK,1396157,1997.35
215801,"2018-02-01 14:47:30",SBIN,16424111,307.7
215800,"2018-02-01 14:47:28",IDFCBANK,7658077,56.25
215798,"2018-02-01 14:47:25",ICICIBANK,24143171,347.45
215799,"2018-02-01 14:47:25",AXISBANK,6972410,600.7
215797,"2018-02-01 14:47:24",ITC,50221460,278.6
215795,"2018-02-01 14:47:23",IDFCBANK,7657674,56.3
215796,"2018-02-01 14:47:23",MARUTI,475115,9445.25
215794,"2018-02-01 14:47:22",JINDALSTEL,8660917,266.85
215791,"2018-02-01 14:47:18",ICICIBANK,24135734,347.5
215792,"2018-02-01 14:47:18",MARUTI,474883,9447.7
215793,"2018-02-01 14:47:18",INFY,5692475,1150.5
215790,"2018-02-01 14:47:12",AXISBANK,6971785,600.9
215787,"2018-02-01 14:47:11",RELIANCE,6556882,940.05
215788,"2018-02-01 14:47:11",LT,7589510,1450.4
215789,"2018-02-01 14:47:11",AXISBANK,6970604,600.9
215785,"2018-02-01 14:47:10",MARUTI,474726,9445
215786,"2018-02-01 14:47:10",ICICIBANK,24128763,347.65
215784,"2018-02-01 14:47:07",KOTAKBANK,2773270,1120.55
215782,"2018-02-01 14:47:05",MARUTI,474640,9447.85
215783,"2018-02-01 14:47:05",SBIN,16414096,307.7
215781,"2018-02-01 14:47:04",HDIL,11719155,57.2
215779,"2018-02-01 14:46:59",JINDALSTEL,8658675,266.7
215780,"2018-02-01 14:46:59",IDFCBANK,7647760,56.3
215777,"2018-02-01 14:46:58",AXISBANK,6970099,600.55
215778,"2018-02-01 14:46:58",HDFCBANK,1394305,1997.75
215776,"2018-02-01 14:46:55",RELIANCE,6556438,940
215775,"2018-02-01 14:46:53",INFY,5689236,1151.05
215773,"2018-02-01 14:46:52",IDFCBANK,7645998,56.3
215774,"2018-02-01 14:46:52",JINDALSTEL,8657881,266.7
215772,"2018-02-01 14:46:51",AXISBANK,6968141,601
215771,"2018-02-01 14:46:50",KOTAKBANK,2772442,1120.5
215770,"2018-02-01 14:46:47",MARUTI,474535,9448.75
215769,"2018-02-01 14:46:46",HDFC,3277916,1967.45
215767,"2018-02-01 14:46:45",HDFCBANK,1393615,1996.95
215768,"2018-02-01 14:46:45",HDIL,11709819,57.2
215766,"2018-02-01 14:46:42",SBIN,16400648,307.65
215765,"2018-02-01 14:46:41",IDFCBANK,7643218,56.3
215762,"2018-02-01 14:46:39",ICICIBANK,24111332,347.9
215763,"2018-02-01 14:46:39",AXISBANK,6967908,601
215764,"2018-02-01 14:46:39",MARUTI,474365,9445.25
215761,"2018-02-01 14:46:38",ITC,50035574,278.5
215760,"2018-02-01 14:46:37",RELIANCE,6543184,941.45
215759,"2018-02-01 14:46:35",INFY,5631057,1151.5
215756,"2018-02-01 14:46:32",AXISBANK,6967330,600.85
215757,"2018-02-01 14:46:32",ITC,49882828,278.6
215758,"2018-02-01 14:46:32",ICICIBANK,24106266,347.9
215755,"2018-02-01 14:46:31",HDFCBANK,1393424,1995.65
215754,"2018-02-01 14:46:27",MARUTI,474266,9440.05
215753,"2018-02-01 14:46:25",LT,7583529,1450.3
215752,"2018-02-01 14:46:24",SBIN,16384245,307.7
215751,"2018-02-01 14:46:20",RELIANCE,6541476,940.55
215749,"2018-02-01 14:46:19",HDIL,11703243,57.25
215750,"2018-02-01 14:46:19",AXISBANK,6966716,600.95
215748,"2018-02-01 14:46:18",ICICIBANK,24101850,347.75
215746,"2018-02-01 14:46:17",JINDALSTEL,8656577,266.65
215747,"2018-02-01 14:46:17",IDFCBANK,7641648,56.35
215745,"2018-02-01 14:46:14",AXISBANK,6966480,601
215744,"2018-02-01 14:46:13",LT,7579132,1452.1
215743,"2018-02-01 14:46:12",KOTAKBANK,2769049,1119
215741,"2018-02-01 14:46:11",SBIN,16367894,307.85
215742,"2018-02-01 14:46:11",HDFCBANK,1393036,1996.45
215738,"2018-02-01 14:46:07",JINDALSTEL,8656496,266.75
215739,"2018-02-01 14:46:07",ITC,49814555,278.1
215740,"2018-02-01 14:46:07",AXISBANK,6965116,600.95
215737,"2018-02-01 14:46:06",AXISBANK,6964785,601
215736,"2018-02-01 14:46:05",MARUTI,474032,9446.1
215735,"2018-02-01 14:46:04",AXISBANK,6964205,601
215734,"2018-02-01 14:46:02",MARUTI,474029,9446.1
215733,"2018-02-01 14:46:01",RELIANCE,6536983,942.45
215732,"2018-02-01 14:46:00",HDFCBANK,1391748,1996.95
215731,"2018-02-01 14:45:59",ITC,49769116,277.95
215730,"2018-02-01 14:45:58",HDFC,3269821,1967.35
215728,"2018-02-01 14:45:56",HDFCBANK,1391143,1996.95
215729,"2018-02-01 14:45:56",KOTAKBANK,2767211,1120
215726,"2018-02-01 14:45:55",ITC,49684871,278.1
215727,"2018-02-01 14:45:55",KOTAKBANK,2766467,1120
215725,"2018-02-01 14:45:49",IDFCBANK,7631931,56.35
215724,"2018-02-01 14:45:48",HDFC,3268851,1967.8
215723,"2018-02-01 14:45:47",AXISBANK,6963333,601.15
215722,"2018-02-01 14:45:44",MARUTI,473893,9446.1
215721,"2018-02-01 14:45:43",RELIANCE,6533348,942.55
215719,"2018-02-01 14:45:42",AXISBANK,6962525,601.15
215720,"2018-02-01 14:45:42",LT,7575642,1453.1
215718,"2018-02-01 14:45:41",HDFCBANK,1390964,1997.4
215717,"2018-02-01 14:45:40",INFY,5618789,1153
215716,"2018-02-01 14:45:39",HDFC,3268704,1967.85
215713,"2018-02-01 14:45:36",JINDALSTEL,8646497,267
215714,"2018-02-01 14:45:36",HDFC,3263399,1966.85
215715,"2018-02-01 14:45:36",KOTAKBANK,2762726,1120
215712,"2018-02-01 14:45:35",LT,7574439,1453
215711,"2018-02-01 14:45:30",RELIANCE,6532882,942.15
215710,"2018-02-01 14:45:29",IDFCBANK,7631758,56.4
215709,"2018-02-01 14:45:28",ICICIBANK,24069990,348.05
215708,"2018-02-01 14:45:26",AXISBANK,6961616,601.4
215706,"2018-02-01 14:45:24",AXISBANK,6959061,601.75
215707,"2018-02-01 14:45:24",HDFCBANK,1390282,1998.75
215704,"2018-02-01 14:45:23",JINDALSTEL,8644907,267.1
215705,"2018-02-01 14:45:23",ICICIBANK,24064390,347.85
215703,"2018-02-01 14:45:22",RELIANCE,6532065,941.35
215702,"2018-02-01 14:45:21",ITC,49529702,278.35
215701,"2018-02-01 14:45:18",LT,7570042,1452.9
215700,"2018-02-01 14:45:17",SBIN,16327192,307.9
215699,"2018-02-01 14:45:16",SBIN,16320638,307.85
215697,"2018-02-01 14:45:13",MARUTI,473656,9449.55
215698,"2018-02-01 14:45:13",RELIANCE,6526881,942.45
215696,"2018-02-01 14:45:12",HDFCBANK,1387807,1999.75
215694,"2018-02-01 14:45:11",IDFCBANK,7631731,56.4
215695,"2018-02-01 14:45:11",AXISBANK,6957250,601.95
215692,"2018-02-01 14:45:10",ITC,49504436,278.4
215693,"2018-02-01 14:45:10",KOTAKBANK,2758513,1119.8
215691,"2018-02-01 14:45:08",ICICIBANK,24059162,347.95
215690,"2018-02-01 14:45:06",RELIANCE,6525838,942.1
215689,"2018-02-01 14:45:05",HDFC,3261636,1967.5
215687,"2018-02-01 14:45:03",AXISBANK,6956357,601.95
215688,"2018-02-01 14:45:03",KOTAKBANK,2758329,1119.7
215686,"2018-02-01 14:45:02",HDIL,11638607,57.25
215685,"2018-02-01 14:45:01",INFY,5607880,1153.25
215684,"2018-02-01 14:45:00",JINDALSTEL,8643110,267
215682,"2018-02-01 14:44:59",HDFCBANK,1380041,1997.7
215683,"2018-02-01 14:44:59",IDFCBANK,7631666,56.45
215681,"2018-02-01 14:44:56",ITC,49452582,278.6
215680,"2018-02-01 14:44:54",INFY,5605667,1153.8
215678,"2018-02-01 14:44:50",AXISBANK,6952880,601.85
215679,"2018-02-01 14:44:50",ICICIBANK,24048874,348.1
215677,"2018-02-01 14:44:49",HDFCBANK,1372780,1996.15
215676,"2018-02-01 14:44:48",MARUTI,473559,9447
215674,"2018-02-01 14:44:47",HDFC,3260889,1967.85
215675,"2018-02-01 14:44:47",HDFC,3261191,1966.9
215673,"2018-02-01 14:44:46",SBIN,16294325,307.6
215672,"2018-02-01 14:44:44",INFY,5604112,1154.05
215671,"2018-02-01 14:44:42",KOTAKBANK,2756509,1119.35
215669,"2018-02-01 14:44:39",ITC,49409623,278.65
215670,"2018-02-01 14:44:39",SBIN,16276081,307.55
215667,"2018-02-01 14:44:36",AXISBANK,6951621,601.4
215668,"2018-02-01 14:44:36",MARUTI,473493,9443.1
215666,"2018-02-01 14:44:35",HDFCBANK,1369912,1994.7
215665,"2018-02-01 14:44:31",HDFC,3253169,1966.5
215664,"2018-02-01 14:44:30",KOTAKBANK,2756161,1119.15
215662,"2018-02-01 14:44:29",LT,7565639,1450.95
215663,"2018-02-01 14:44:29",AXISBANK,6950868,601.15
215661,"2018-02-01 14:44:26",RELIANCE,6511031,941.9
215659,"2018-02-01 14:44:24",HDFCBANK,1369888,1993.95
215660,"2018-02-01 14:44:24",IDFCBANK,7609012,56.35
215658,"2018-02-01 14:44:20",KOTAKBANK,2755290,1119.8
215657,"2018-02-01 14:44:19",LT,7560763,1452
215656,"2018-02-01 14:44:18",MARUTI,473297,9442.6
215654,"2018-02-01 14:44:17",AXISBANK,6950676,601
215655,"2018-02-01 14:44:17",ITC,49374983,278.65
215653,"2018-02-01 14:44:16",RELIANCE,6508423,941.15
215652,"2018-02-01 14:44:14",ICICIBANK,24031863,347.7
215651,"2018-02-01 14:44:13",LT,7560346,1451.75
215650,"2018-02-01 14:44:12",AXISBANK,6950409,601
215649,"2018-02-01 14:44:10",AXISBANK,6949288,601
215648,"2018-02-01 14:44:09",ICICIBANK,24028461,347.8
215647,"2018-02-01 14:44:08",JINDALSTEL,8638020,267
215645,"2018-02-01 14:44:07",RELIANCE,6505488,941.2
215646,"2018-02-01 14:44:07",HDIL,11633920,57.2
215644,"2018-02-01 14:44:05",RELIANCE,6502619,941.3
215643,"2018-02-01 14:44:03",KOTAKBANK,2753539,1119.15
215641,"2018-02-01 14:44:01",HDFCBANK,1362248,1995.05
215642,"2018-02-01 14:44:01",LT,7557919,1452.35
215640,"2018-02-01 14:43:59",AXISBANK,6947608,600.95
215639,"2018-02-01 14:43:58",IDFCBANK,7608949,56.3
215638,"2018-02-01 14:43:57",MARUTI,473081,9443.1
215637,"2018-02-01 14:43:55",ITC,49287858,278.7
215636,"2018-02-01 14:43:53",IDFCBANK,7607398,56.3
215635,"2018-02-01 14:43:51",KOTAKBANK,2753249,1118.95
215634,"2018-02-01 14:43:49",AXISBANK,6945818,600.85
215633,"2018-02-01 14:43:48",ICICIBANK,24015309,347.95
215630,"2018-02-01 14:43:47",AXISBANK,6944858,600.85
215631,"2018-02-01 14:43:47",LT,7553334,1451.5
215632,"2018-02-01 14:43:47",INFY,5579216,1153.05
215629,"2018-02-01 14:43:45",AXISBANK,6945818,600.85
215628,"2018-02-01 14:43:44",IDFCBANK,7604398,56.3
215627,"2018-02-01 14:43:42",ITC,49252301,278.5
215626,"2018-02-01 14:43:41",JINDALSTEL,8635745,266.95
215625,"2018-02-01 14:43:40",MARUTI,472977,9440.5
215624,"2018-02-01 14:43:39",AXISBANK,6944858,600.85
215622,"2018-02-01 14:43:37",ITC,49214648,278.5
215623,"2018-02-01 14:43:37",IDFCBANK,7604366,56.35
215620,"2018-02-01 14:43:35",HDFC,3242158,1965.6
215621,"2018-02-01 14:43:35",RELIANCE,6496286,941.1
215619,"2018-02-01 14:43:32",ICICIBANK,24008820,347.95
215618,"2018-02-01 14:43:31",SBIN,16230716,307.4
215617,"2018-02-01 14:43:30",HDFCBANK,1361248,1994.55
215615,"2018-02-01 14:43:28",AXISBANK,6943366,600.85
215616,"2018-02-01 14:43:28",LT,7549670,1451.6
215614,"2018-02-01 14:43:26",SBIN,16227227,307.25
215613,"2018-02-01 14:43:25",HDIL,11621034,57.1
215612,"2018-02-01 14:43:22",KOTAKBANK,2749247,1119.1
215611,"2018-02-01 14:43:21",INFY,5558620,1153.2
215609,"2018-02-01 14:43:20",AXISBANK,6943035,600.75
215610,"2018-02-01 14:43:20",JINDALSTEL,8616112,266.8
215608,"2018-02-01 14:43:19",ITC,49193463,278.55
215605,"2018-02-01 14:43:17",HDFCBANK,1360996,1994.8
215606,"2018-02-01 14:43:17",MARUTI,472679,9446.65
215607,"2018-02-01 14:43:17",ITC,49126673,278.95
215604,"2018-02-01 14:43:15",RELIANCE,6494359,940.75
215603,"2018-02-01 14:43:14",LT,7547917,1452
215602,"2018-02-01 14:43:13",AXISBANK,6942145,600.8
215600,"2018-02-01 14:43:10",HDFC,3240967,1965.6
215601,"2018-02-01 14:43:10",KOTAKBANK,2747709,1119.3
215599,"2018-02-01 14:43:08",JINDALSTEL,8610893,266.95
215597,"2018-02-01 14:43:07",SBIN,16215779,307.2
215598,"2018-02-01 14:43:07",IDFCBANK,7592670,56.3
215596,"2018-02-01 14:43:04",HDIL,11620231,57.05
215594,"2018-02-01 14:43:02",MARUTI,472599,9446.75
215595,"2018-02-01 14:43:02",KOTAKBANK,2746918,1119.3
215592,"2018-02-01 14:43:01",AXISBANK,6940721,600.95
215593,"2018-02-01 14:43:01",ITC,49098502,279
215591,"2018-02-01 14:42:58",JINDALSTEL,8609707,267
215590,"2018-02-01 14:42:57",KOTAKBANK,2746080,1119.8
215586,"2018-02-01 14:42:55",AXISBANK,6939541,600.95
215587,"2018-02-01 14:42:55",SBIN,16207373,307.25
215588,"2018-02-01 14:42:55",RELIANCE,6491159,941.05
215589,"2018-02-01 14:42:55",HDFCBANK,1359740,1995.35
215585,"2018-02-01 14:42:53",ITC,49048133,279
215584,"2018-02-01 14:42:51",HDIL,11619631,57.05
215583,"2018-02-01 14:42:50",IDFCBANK,7591920,56.25
215582,"2018-02-01 14:42:47",SBIN,16202203,307.3
215580,"2018-02-01 14:42:45",JINDALSTEL,8558140,267.1
215581,"2018-02-01 14:42:45",HDFCBANK,1359542,1994.65
215579,"2018-02-01 14:42:43",MARUTI,472517,9446.65
215577,"2018-02-01 14:42:42",LT,7539752,1451.3
215578,"2018-02-01 14:42:42",AXISBANK,6938723,600.8
215575,"2018-02-01 14:42:39",RELIANCE,6489245,941.45
215576,"2018-02-01 14:42:39",HDIL,11611213,57.1
215573,"2018-02-01 14:42:37",ICICIBANK,23974095,347.9
215574,"2018-02-01 14:42:37",KOTAKBANK,2744109,1118.75
215572,"2018-02-01 14:42:34",MARUTI,472482,9446.65
215571,"2018-02-01 14:42:33",AXISBANK,6938081,600.9
215570,"2018-02-01 14:42:31",AXISBANK,6937906,600.8
215569,"2018-02-01 14:42:30",SBIN,16200118,307.2
215568,"2018-02-01 14:42:29",RELIANCE,6487413,941
215567,"2018-02-01 14:42:26",JINDALSTEL,8548268,266.9
215566,"2018-02-01 14:42:25",ICICIBANK,23966859,347.75
215565,"2018-02-01 14:42:23",IDFCBANK,7589919,56.25
215564,"2018-02-01 14:42:22",AXISBANK,6934724,600.7
215562,"2018-02-01 14:42:21",HDIL,11608572,57.2
215563,"2018-02-01 14:42:21",MARUTI,472425,9448
215559,"2018-02-01 14:42:18",HDFC,3229964,1966
215560,"2018-02-01 14:42:18",AXISBANK,6930989,600.5
215561,"2018-02-01 14:42:18",HDFC,3230198,1965.8
