id,curr_time,symbol,volume,price
280565,"2018-02-08 15:59:13",MARUTI,465663,9030.7
280564,"2018-02-08 15:58:59",SBIN,18932796,301.4
280562,"2018-02-08 15:58:58",ITC,9779911,274.1
280563,"2018-02-08 15:58:58",RELIANCE,6320732,904.55
280561,"2018-02-08 15:58:50",HDIL,9211694,52.55
280560,"2018-02-08 15:58:38",JINDALSTEL,16036819,266.3
280559,"2018-02-08 15:58:35",IDFCBANK,9191271,53.25
280558,"2018-02-08 15:58:15",LT,1932082,1347.4
280557,"2018-02-08 15:57:57",JINDALSTEL,16036804,266.3
280554,"2018-02-08 15:57:40",IDFCBANK,9186271,53.25
280555,"2018-02-08 15:57:40",HDIL,9211693,52.55
280556,"2018-02-08 15:57:40",ITC,9779901,274.1
280553,"2018-02-08 15:57:37",ITC,9779861,274.1
280552,"2018-02-08 15:57:13",HDIL,9211682,52.55
280551,"2018-02-08 15:57:09",HDIL,9201682,52.55
280550,"2018-02-08 15:56:58",HDFC,1865933,1811.8
280549,"2018-02-08 15:56:56",MARUTI,465662,9030.7
280548,"2018-02-08 15:56:41",HDIL,9201282,52.55
280547,"2018-02-08 15:56:30",ITC,9779851,274.1
280546,"2018-02-08 15:55:50",SBIN,18932704,301.4
280545,"2018-02-08 15:55:48",RELIANCE,6320724,904.55
280544,"2018-02-08 15:55:15",HDFCBANK,1292861,1880.95
280543,"2018-02-08 15:54:55",RELIANCE,6320624,904.55
280542,"2018-02-08 15:54:44",HDIL,9200782,52.55
280540,"2018-02-08 15:54:35",MARUTI,465644,9030.7
280541,"2018-02-08 15:54:35",ITC,9779031,274.1
280539,"2018-02-08 15:54:32",IDFCBANK,9185946,53.25
280538,"2018-02-08 15:54:21",HDIL,9200747,52.55
280537,"2018-02-08 15:54:14",HDFC,1865923,1811.8
280536,"2018-02-08 15:54:07",INFY,4403622,1134.25
280535,"2018-02-08 15:54:06",SBIN,18932654,301.4
280534,"2018-02-08 15:53:42",JINDALSTEL,16036794,266.3
280533,"2018-02-08 15:53:29",SBIN,18932644,301.4
280532,"2018-02-08 15:53:09",ITC,9779011,274.1
280531,"2018-02-08 15:52:56",ITC,9779005,274.1
280530,"2018-02-08 15:52:28",AXISBANK,5816886,568.45
280529,"2018-02-08 15:52:27",LT,1932072,1347.4
280528,"2018-02-08 15:52:23",IDFCBANK,9185546,53.25
280527,"2018-02-08 15:52:02",ICICIBANK,10294899,333.85
280526,"2018-02-08 15:52:00",MARUTI,465637,9030.7
280525,"2018-02-08 15:51:39",JINDALSTEL,16036769,266.3
280524,"2018-02-08 15:51:34",AXISBANK,5816883,568.45
280523,"2018-02-08 15:51:14",RELIANCE,6320623,904.55
280522,"2018-02-08 15:51:00",ITC,9778183,274.1
280521,"2018-02-08 15:50:56",HDIL,9200722,52.55
280520,"2018-02-08 15:50:53",SBIN,18932634,301.4
280519,"2018-02-08 15:50:41",ITC,9778088,274.1
280518,"2018-02-08 15:50:32",MARUTI,465636,9030.7
280517,"2018-02-08 15:50:30",RELIANCE,6320551,904.55
280516,"2018-02-08 15:50:24",HDIL,9200672,52.55
280515,"2018-02-08 15:50:22",ITC,9778063,274.1
280514,"2018-02-08 15:50:02",ITC,9777066,274.1
280513,"2018-02-08 15:50:00",ITC,9777041,274.1
280512,"2018-02-08 15:49:50",ITC,9776541,274.1
280511,"2018-02-08 15:49:48",SBIN,18932554,301.4
280510,"2018-02-08 15:49:41",MARUTI,465633,9030.7
280508,"2018-02-08 15:49:39",HDFC,1865840,1811.8
280509,"2018-02-08 15:49:39",ITC,9776516,274.1
280507,"2018-02-08 15:49:31",ITC,9776416,274.1
280506,"2018-02-08 15:49:21",JINDALSTEL,16035669,266.3
280505,"2018-02-08 15:49:06",ITC,9776391,274.1
280504,"2018-02-08 15:49:00",SBIN,18932553,301.4
280503,"2018-02-08 15:48:59",MARUTI,465618,9030.7
280502,"2018-02-08 15:48:52",LT,1932062,1347.4
280501,"2018-02-08 15:48:34",ITC,9776358,274.1
280500,"2018-02-08 15:48:33",INFY,4402847,1134.25
280499,"2018-02-08 15:48:32",RELIANCE,6320547,904.55
280498,"2018-02-08 15:48:08",INFY,4402843,1134.25
280497,"2018-02-08 15:48:05",LT,1932052,1347.4
280496,"2018-02-08 15:48:04",JINDALSTEL,16035569,266.3
280495,"2018-02-08 15:48:03",ITC,9776357,274.1
280494,"2018-02-08 15:48:01",MARUTI,465617,9030.7
280493,"2018-02-08 15:47:55",INFY,4402842,1134.25
280492,"2018-02-08 15:47:47",HDFC,1865839,1811.8
280491,"2018-02-08 15:47:42",ITC,9776257,274.1
280490,"2018-02-08 15:47:33",LT,1932042,1347.4
280489,"2018-02-08 15:47:21",ICICIBANK,10294897,333.85
280488,"2018-02-08 15:47:16",INFY,4402742,1134.25
280487,"2018-02-08 15:47:11",RELIANCE,6320546,904.55
280486,"2018-02-08 15:46:59",LT,1932032,1347.4
280485,"2018-02-08 15:46:58",HDIL,9200622,52.55
280484,"2018-02-08 15:46:49",KOTAKBANK,1839297,1051.75
280482,"2018-02-08 15:46:35",ITC,9776256,274.1
280483,"2018-02-08 15:46:35",INFY,4402740,1134.25
280481,"2018-02-08 15:46:31",HDIL,9199522,52.55
280480,"2018-02-08 15:46:24",HDIL,9199472,52.55
280479,"2018-02-08 15:46:23",INFY,4402490,1134.25
280478,"2018-02-08 15:46:17",INFY,4402480,1134.25
280477,"2018-02-08 15:46:15",LT,1932022,1347.4
280475,"2018-02-08 15:46:14",KOTAKBANK,1839296,1051.75
280476,"2018-02-08 15:46:14",HDFC,1865813,1811.8
280474,"2018-02-08 15:46:01",INFY,4402440,1134.25
280473,"2018-02-08 15:45:47",ITC,9776156,274.1
280472,"2018-02-08 15:45:46",HDFC,1865788,1811.8
280471,"2018-02-08 15:45:41",ITC,9776155,274.1
280470,"2018-02-08 15:45:31",SBIN,18932526,301.4
280468,"2018-02-08 15:45:30",INFY,4402435,1134.25
280469,"2018-02-08 15:45:30",HDFCBANK,1292858,1880.95
280467,"2018-02-08 15:45:22",LT,1932017,1347.4
280466,"2018-02-08 15:45:20",AXISBANK,5816881,568.45
280465,"2018-02-08 15:45:16",HDIL,9199422,52.55
280463,"2018-02-08 15:45:13",JINDALSTEL,16035469,266.3
280464,"2018-02-08 15:45:13",HDFC,1865783,1811.8
280462,"2018-02-08 15:45:04",INFY,4402434,1134.25
280461,"2018-02-08 15:45:03",HDFCBANK,1292848,1880.95
280460,"2018-02-08 15:44:57",MARUTI,465597,9030.7
280459,"2018-02-08 15:44:47",HDFC,1865781,1811.8
280458,"2018-02-08 15:44:44",SBIN,18932386,301.4
280457,"2018-02-08 15:44:34",HDIL,9199322,52.55
280456,"2018-02-08 15:44:30",AXISBANK,5816871,568.45
280455,"2018-02-08 15:44:29",RELIANCE,6320521,904.55
280454,"2018-02-08 15:44:28",MARUTI,465596,9030.7
280453,"2018-02-08 15:44:23",HDIL,9199272,52.55
280452,"2018-02-08 15:44:21",SBIN,18932336,301.4
280451,"2018-02-08 15:44:19",JINDALSTEL,16035369,266.3
280449,"2018-02-08 15:44:17",IDFCBANK,9184046,53.25
280450,"2018-02-08 15:44:17",AXISBANK,5816346,568.45
280448,"2018-02-08 15:44:14",HDIL,9199262,52.55
280447,"2018-02-08 15:44:00",AXISBANK,5816321,568.45
280446,"2018-02-08 15:43:58",ICICIBANK,10294872,333.85
280445,"2018-02-08 15:43:51",SBIN,18932236,301.4
280444,"2018-02-08 15:43:37",AXISBANK,5816271,568.45
280443,"2018-02-08 15:43:32",INFY,4402432,1134.25
280442,"2018-02-08 15:43:29",HDFC,1865775,1811.8
280441,"2018-02-08 15:43:21",RELIANCE,6320496,904.55
280440,"2018-02-08 15:43:15",JINDALSTEL,16035329,266.3
280439,"2018-02-08 15:43:13",HDFCBANK,1292838,1880.95
280438,"2018-02-08 15:43:07",HDIL,9198062,52.55
280437,"2018-02-08 15:43:06",IDFCBANK,9184026,53.25
280436,"2018-02-08 15:43:03",AXISBANK,5816221,568.45
280435,"2018-02-08 15:42:57",MARUTI,465582,9030.7
280434,"2018-02-08 15:42:51",ICICIBANK,10294472,333.85
280433,"2018-02-08 15:42:48",IDFCBANK,9183204,53.25
280432,"2018-02-08 15:42:42",IDFCBANK,9183124,53.25
280431,"2018-02-08 15:42:39",HDIL,9197962,52.55
280429,"2018-02-08 15:42:34",IDFCBANK,9182124,53.25
280430,"2018-02-08 15:42:34",LT,1931977,1347.4
280428,"2018-02-08 15:42:32",INFY,4402427,1134.25
280426,"2018-02-08 15:42:25",ITC,9775091,274.1
280427,"2018-02-08 15:42:25",AXISBANK,5816021,568.45
280425,"2018-02-08 15:42:23",ICICIBANK,10294467,333.85
280424,"2018-02-08 15:42:22",HDIL,9195962,52.55
280422,"2018-02-08 15:42:16",AXISBANK,5816019,568.45
280423,"2018-02-08 15:42:16",INFY,4402426,1134.25
280421,"2018-02-08 15:42:13",HDFCBANK,1292626,1880.95
280420,"2018-02-08 15:42:01",RELIANCE,6320495,904.55
280418,"2018-02-08 15:41:59",SBIN,18932206,301.4
280419,"2018-02-08 15:41:59",ITC,9775066,274.1
280417,"2018-02-08 15:41:47",ITC,9775046,274.1
280416,"2018-02-08 15:41:42",ICICIBANK,10293467,333.85
280415,"2018-02-08 15:41:38",HDIL,9195362,52.55
280414,"2018-02-08 15:41:31",INFY,4402424,1134.25
280412,"2018-02-08 15:41:30",ITC,9775001,274.1
280413,"2018-02-08 15:41:30",AXISBANK,5816018,568.45
280410,"2018-02-08 15:41:21",ICICIBANK,10293417,333.85
280411,"2018-02-08 15:41:21",AXISBANK,5816007,568.45
280409,"2018-02-08 15:41:17",SBIN,18932203,301.4
280408,"2018-02-08 15:41:14",KOTAKBANK,1839295,1051.75
280406,"2018-02-08 15:41:06",SBIN,18932168,301.4
280407,"2018-02-08 15:41:06",JINDALSTEL,16035314,266.3
280404,"2018-02-08 15:41:05",HDIL,9194862,52.55
280405,"2018-02-08 15:41:05",RELIANCE,6320445,904.55
280403,"2018-02-08 15:41:03",ITC,9774551,274.1
280402,"2018-02-08 15:40:58",IDFCBANK,9181124,53.25
280400,"2018-02-08 15:40:55",AXISBANK,5815972,568.45
280401,"2018-02-08 15:40:55",HDFC,1865765,1811.8
280398,"2018-02-08 15:40:47",SBIN,18931757,301.4
280399,"2018-02-08 15:40:47",RELIANCE,6320443,904.55
280397,"2018-02-08 15:40:45",JINDALSTEL,16035189,266.3
280396,"2018-02-08 15:40:44",ITC,9774051,274.1
280395,"2018-02-08 15:40:42",LT,1931952,1347.4
280394,"2018-02-08 15:40:41",ICICIBANK,10293407,333.85
280393,"2018-02-08 15:40:38",HDFC,1865710,1811.8
280391,"2018-02-08 15:40:35",JINDALSTEL,16035134,266.3
280392,"2018-02-08 15:40:35",RELIANCE,6320403,904.55
280390,"2018-02-08 15:40:34",HDIL,9194662,52.55
280388,"2018-02-08 15:40:31",MARUTI,465581,9030.7
280389,"2018-02-08 15:40:31",ICICIBANK,10293377,333.85
280387,"2018-02-08 15:40:30",SBIN,18931722,301.4
280386,"2018-02-08 15:40:26",INFY,4402420,1134.25
280385,"2018-02-08 15:40:25",LT,1931727,1347.4
280384,"2018-02-08 15:40:20",RELIANCE,6319983,904.55
280383,"2018-02-08 15:40:18",LT,1931702,1347.4
280382,"2018-02-08 15:40:17",INFY,4402390,1134.25
280381,"2018-02-08 15:40:15",AXISBANK,5815970,568.45
280380,"2018-02-08 15:40:13",JINDALSTEL,16034659,266.3
280379,"2018-02-08 15:40:12",SBIN,18930351,301.4
280378,"2018-02-08 15:40:11",KOTAKBANK,1839105,1051.75
280375,"2018-02-08 15:40:07",HDFCBANK,1292338,1880.95
280376,"2018-02-08 15:40:07",AXISBANK,5815957,568.45
280377,"2018-02-08 15:40:07",LT,1931692,1347.4
280373,"2018-02-08 15:40:06",HDIL,9194612,52.55
280374,"2018-02-08 15:40:06",MARUTI,465579,9030.7
280369,"2018-02-08 15:40:05",RELIANCE,6319958,904.55
280370,"2018-02-08 15:40:05",ITC,9774001,274.1
280371,"2018-02-08 15:40:05",INFY,4402385,1134.25
280372,"2018-02-08 15:40:05",ICICIBANK,10293376,333.85
280368,"2018-02-08 15:30:07",HDFC,1865660,1811
280367,"2018-02-08 15:30:04",RELIANCE,6319367,906.2
280365,"2018-02-08 15:30:02",ICICIBANK,10290279,333.55
280366,"2018-02-08 15:30:02",AXISBANK,5815937,570
280362,"2018-02-08 15:30:01",LT,1931389,1346.45
280363,"2018-02-08 15:30:01",INFY,4402359,1133
280364,"2018-02-08 15:30:01",KOTAKBANK,1839101,1049.3
280359,"2018-02-08 15:30:00",HDIL,9190918,52.45
280360,"2018-02-08 15:30:00",MARUTI,465577,9040
280361,"2018-02-08 15:30:00",ITC,9772409,273.9
280358,"2018-02-08 15:29:59",HDFCBANK,1292303,1882
280354,"2018-02-08 15:29:57",MARUTI,465169,9039.95
280355,"2018-02-08 15:29:57",JINDALSTEL,16033360,267
280356,"2018-02-08 15:29:57",SBIN,18927523,302.25
280357,"2018-02-08 15:29:57",IDFCBANK,9177519,53.4
280353,"2018-02-08 15:29:53",ICICIBANK,10282430,333.5
280352,"2018-02-08 15:29:52",JINDALSTEL,16028130,267.3
280351,"2018-02-08 15:29:51",IDFCBANK,9177073,53.45
280350,"2018-02-08 15:29:50",HDFC,1865553,1811.1
280346,"2018-02-08 15:29:49",RELIANCE,6316111,905
280347,"2018-02-08 15:29:49",AXISBANK,5813545,569
280348,"2018-02-08 15:29:49",ITC,9725807,273.95
280349,"2018-02-08 15:29:49",KOTAKBANK,1837581,1052
280342,"2018-02-08 15:29:48",INFY,4401146,1131.8
280343,"2018-02-08 15:29:48",SBIN,18914081,302.25
280344,"2018-02-08 15:29:48",HDFCBANK,1291970,1882
280345,"2018-02-08 15:29:48",HDIL,9181937,52.5
280340,"2018-02-08 15:29:47",LT,1930409,1346.5
280341,"2018-02-08 15:29:47",INFY,4400855,1132
280338,"2018-02-08 15:29:46",ICICIBANK,10270164,333.5
280339,"2018-02-08 15:29:46",JINDALSTEL,16025666,267.3
280337,"2018-02-08 15:29:44",LT,1930102,1346.8
280336,"2018-02-08 15:29:43",SBIN,18906469,302.2
280335,"2018-02-08 15:29:42",RELIANCE,6315244,904.8
280334,"2018-02-08 15:29:40",AXISBANK,5812610,568.8
280332,"2018-02-08 15:29:39",SBIN,18903257,302.4
280333,"2018-02-08 15:29:39",HDFCBANK,1291962,1883
280330,"2018-02-08 15:29:35",JINDALSTEL,16022670,267.4
280331,"2018-02-08 15:29:35",AXISBANK,5811886,568.85
280327,"2018-02-08 15:29:32",ICICIBANK,10240592,332.95
280328,"2018-02-08 15:29:32",KOTAKBANK,1835365,1052
280329,"2018-02-08 15:29:32",HDFCBANK,1291698,1882.95
280325,"2018-02-08 15:29:27",SBIN,18899605,302.4
280326,"2018-02-08 15:29:27",MARUTI,464392,9036.1
280324,"2018-02-08 15:29:25",KOTAKBANK,1835271,1052
280323,"2018-02-08 15:29:24",AXISBANK,5810371,570
280321,"2018-02-08 15:29:23",LT,1926043,1347.95
280322,"2018-02-08 15:29:23",IDFCBANK,9170771,53.35
280320,"2018-02-08 15:29:21",IDFCBANK,9169461,53.3
280318,"2018-02-08 15:29:18",ITC,9710549,273.9
280319,"2018-02-08 15:29:18",ICICIBANK,10167090,333.05
280317,"2018-02-08 15:29:17",KOTAKBANK,1834975,1051.3
280315,"2018-02-08 15:29:16",AXISBANK,5808571,571
280316,"2018-02-08 15:29:16",RELIANCE,6311247,904.6
280313,"2018-02-08 15:29:13",RELIANCE,6304610,904.4
280314,"2018-02-08 15:29:13",LT,1923323,1347.95
280312,"2018-02-08 15:29:07",KOTAKBANK,1833518,1053.55
280310,"2018-02-08 15:29:06",JINDALSTEL,16007277,267.25
280311,"2018-02-08 15:29:06",ICICIBANK,10121452,333.5
280308,"2018-02-08 15:29:05",INFY,4394797,1132.4
280309,"2018-02-08 15:29:05",HDIL,9097172,52.45
280303,"2018-02-08 15:29:04",AXISBANK,5794640,570.5
280304,"2018-02-08 15:29:04",HDFC,1857314,1810.1
280305,"2018-02-08 15:29:04",IDFCBANK,9157860,53.5
280306,"2018-02-08 15:29:04",SBIN,18883427,302.2
280307,"2018-02-08 15:29:04",MARUTI,464251,9036
280302,"2018-02-08 15:29:03",ITC,9688430,274
280301,"2018-02-08 15:29:01",SBIN,18871899,302.15
280300,"2018-02-08 15:28:59",JINDALSTEL,16001665,267.1
280296,"2018-02-08 15:28:58",INFY,4394207,1132.4
280297,"2018-02-08 15:28:58",AXISBANK,5790626,569.9
280298,"2018-02-08 15:28:58",KOTAKBANK,1832628,1054.5
280299,"2018-02-08 15:28:58",MARUTI,463815,9036.2
280293,"2018-02-08 15:28:57",RELIANCE,6302802,904.2
280294,"2018-02-08 15:28:57",IDFCBANK,9149229,53.5
280295,"2018-02-08 15:28:57",ICICIBANK,10100550,333.25
280290,"2018-02-08 15:28:56",HDFC,1854503,1810
280291,"2018-02-08 15:28:56",ITC,9681334,273.8
280292,"2018-02-08 15:28:56",HDFCBANK,1289776,1882
280289,"2018-02-08 15:28:55",HDIL,9082614,52.45
280287,"2018-02-08 15:28:52",ITC,9678793,273.7
280288,"2018-02-08 15:28:52",RELIANCE,6299729,904.75
280286,"2018-02-08 15:28:50",IDFCBANK,9145179,53.4
280282,"2018-02-08 15:28:49",MARUTI,463778,9038
280283,"2018-02-08 15:28:49",HDIL,9073738,52.45
280284,"2018-02-08 15:28:49",KOTAKBANK,1832367,1054.5
280285,"2018-02-08 15:28:49",ICICIBANK,10100104,333.4
280281,"2018-02-08 15:28:48",HDFCBANK,1289679,1881.65
280276,"2018-02-08 15:28:47",AXISBANK,5790419,569.5
280277,"2018-02-08 15:28:47",JINDALSTEL,15999232,267.1
280278,"2018-02-08 15:28:47",SBIN,18839864,302
280279,"2018-02-08 15:28:47",LT,1920728,1348
280280,"2018-02-08 15:28:47",INFY,4393694,1132.4
280275,"2018-02-08 15:28:46",HDFCBANK,1289404,1882.4
280274,"2018-02-08 15:28:44",ICICIBANK,10090802,333.45
280273,"2018-02-08 15:28:43",JINDALSTEL,15996547,267.1
280271,"2018-02-08 15:28:42",KOTAKBANK,1831895,1054.9
280272,"2018-02-08 15:28:42",IDFCBANK,9137806,53.5
280269,"2018-02-08 15:28:41",RELIANCE,6299645,904.75
280270,"2018-02-08 15:28:41",ITC,9677309,273.75
280267,"2018-02-08 15:28:40",AXISBANK,5790006,569.8
280268,"2018-02-08 15:28:40",HDFC,1850131,1810.4
280266,"2018-02-08 15:28:38",ICICIBANK,10072047,333.5
280265,"2018-02-08 15:28:37",MARUTI,463360,9030.6
280264,"2018-02-08 15:28:36",INFY,4393139,1132.85
280261,"2018-02-08 15:28:35",IDFCBANK,9081033,53.25
280262,"2018-02-08 15:28:35",HDFC,1847390,1810.35
280263,"2018-02-08 15:28:35",AXISBANK,5778791,569
280260,"2018-02-08 15:28:34",KOTAKBANK,1831608,1054.85
280256,"2018-02-08 15:28:32",RELIANCE,6296699,904.8
280257,"2018-02-08 15:28:32",LT,1919278,1348
280258,"2018-02-08 15:28:32",ITC,9672875,273.8
280259,"2018-02-08 15:28:32",JINDALSTEL,15992547,267.2
280255,"2018-02-08 15:28:31",HDFCBANK,1289399,1881.75
280253,"2018-02-08 15:28:29",ITC,9660434,273.9
280254,"2018-02-08 15:28:29",JINDALSTEL,15989585,267
280251,"2018-02-08 15:28:27",HDIL,9051343,52.5
280252,"2018-02-08 15:28:27",INFY,4392145,1132.75
280249,"2018-02-08 15:28:26",HDFCBANK,1289378,1881.15
280250,"2018-02-08 15:28:26",AXISBANK,5778179,568.55
280248,"2018-02-08 15:28:25",HDFC,1846059,1810.4
280246,"2018-02-08 15:28:24",SBIN,18799865,301.8
280247,"2018-02-08 15:28:24",RELIANCE,6295455,904.95
280244,"2018-02-08 15:28:23",IDFCBANK,9074318,53.25
280245,"2018-02-08 15:28:23",HDIL,9046122,52.45
280243,"2018-02-08 15:28:22",KOTAKBANK,1831215,1053.4
280242,"2018-02-08 15:28:21",LT,1917763,1348
280239,"2018-02-08 15:28:18",HDFCBANK,1288792,1883
280240,"2018-02-08 15:28:18",ITC,9655167,273.9
280241,"2018-02-08 15:28:18",HDFC,1844636,1810.25
280238,"2018-02-08 15:28:17",KOTAKBANK,1830925,1052.95
280235,"2018-02-08 15:28:16",JINDALSTEL,15986868,267
280236,"2018-02-08 15:28:16",MARUTI,462887,9035
280237,"2018-02-08 15:28:16",AXISBANK,5776432,568.5
280234,"2018-02-08 15:28:15",RELIANCE,6292264,904.75
280232,"2018-02-08 15:28:14",ICICIBANK,10051456,333
280233,"2018-02-08 15:28:14",IDFCBANK,9067488,53.25
280231,"2018-02-08 15:28:13",SBIN,18781743,301.85
280230,"2018-02-08 15:28:12",ICICIBANK,10004656,332.85
280229,"2018-02-08 15:28:10",KOTAKBANK,1826580,1052
280227,"2018-02-08 15:28:09",LT,1916575,1347.8
280228,"2018-02-08 15:28:09",RELIANCE,6287144,904.15
280225,"2018-02-08 15:28:08",HDIL,9036469,52.5
280226,"2018-02-08 15:28:08",AXISBANK,5775721,568.95
280224,"2018-02-08 15:28:07",SBIN,18774923,301.85
280221,"2018-02-08 15:28:05",HDIL,9032677,52.5
280222,"2018-02-08 15:28:05",IDFCBANK,9052397,53.25
280223,"2018-02-08 15:28:05",IDFCBANK,9055397,53.3
280218,"2018-02-08 15:28:04",HDFCBANK,1287352,1881.6
280219,"2018-02-08 15:28:04",MARUTI,462349,9034.95
280220,"2018-02-08 15:28:04",INFY,4390812,1132.75
280217,"2018-02-08 15:28:03",AXISBANK,5775405,568.95
280215,"2018-02-08 15:28:02",ITC,9642620,273.9
280216,"2018-02-08 15:28:02",LT,1915584,1347.95
280214,"2018-02-08 15:28:01",HDIL,9028777,52.5
280213,"2018-02-08 15:27:59",IDFCBANK,9043761,53.3
280211,"2018-02-08 15:27:58",KOTAKBANK,1824867,1053.95
280212,"2018-02-08 15:27:58",SBIN,18764824,302
280206,"2018-02-08 15:27:56",MARUTI,461922,9034.5
280207,"2018-02-08 15:27:56",HDFCBANK,1286784,1881.25
280208,"2018-02-08 15:27:56",AXISBANK,5772238,568.8
280209,"2018-02-08 15:27:56",RELIANCE,6286013,904.35
280210,"2018-02-08 15:27:56",HDFC,1838116,1810
280205,"2018-02-08 15:27:52",ICICIBANK,9981833,332.4
280203,"2018-02-08 15:27:51",RELIANCE,6284324,903.95
280204,"2018-02-08 15:27:51",HDFCBANK,1286589,1882
280200,"2018-02-08 15:27:50",HDFC,1833849,1810
280201,"2018-02-08 15:27:50",IDFCBANK,9043403,53.25
280202,"2018-02-08 15:27:50",KOTAKBANK,1824419,1053.95
280196,"2018-02-08 15:27:48",HDIL,9008429,52.45
280197,"2018-02-08 15:27:48",INFY,4388901,1132.8
280198,"2018-02-08 15:27:48",LT,1914980,1347.8
280199,"2018-02-08 15:27:48",AXISBANK,5769461,568.75
280195,"2018-02-08 15:27:47",SBIN,18747651,302
280193,"2018-02-08 15:27:42",LT,1914520,1347.5
280194,"2018-02-08 15:27:42",ITC,9608382,273.7
280192,"2018-02-08 15:27:41",MARUTI,461833,9034.95
280190,"2018-02-08 15:27:40",ICICIBANK,9980244,332.3
280191,"2018-02-08 15:27:40",RELIANCE,6281126,904
280187,"2018-02-08 15:27:39",KOTAKBANK,1823517,1053.95
280188,"2018-02-08 15:27:39",HDFC,1832649,1810
280189,"2018-02-08 15:27:39",INFY,4388204,1132.65
280185,"2018-02-08 15:27:38",AXISBANK,5769119,569.05
280186,"2018-02-08 15:27:38",IDFCBANK,9043137,53.3
280184,"2018-02-08 15:27:37",HDIL,8986879,52.45
280181,"2018-02-08 15:27:35",INFY,4386674,1132.9
280182,"2018-02-08 15:27:35",ITC,9599155,273.85
280183,"2018-02-08 15:27:35",JINDALSTEL,15942858,267
280178,"2018-02-08 15:27:34",ICICIBANK,9926702,332.65
280179,"2018-02-08 15:27:34",RELIANCE,6277789,904.05
280180,"2018-02-08 15:27:34",SBIN,18738996,301.95
280174,"2018-02-08 15:27:33",HDFCBANK,1284984,1880.7
280175,"2018-02-08 15:27:33",KOTAKBANK,1823280,1054
280176,"2018-02-08 15:27:33",MARUTI,461807,9035
280177,"2018-02-08 15:27:33",LT,1913080,1347.65
280171,"2018-02-08 15:27:32",AXISBANK,5766340,568.8
280172,"2018-02-08 15:27:32",HDFC,1831590,1809.6
280173,"2018-02-08 15:27:32",IDFCBANK,9034247,53.25
280170,"2018-02-08 15:27:31",HDFC,1830613,1810
280168,"2018-02-08 15:27:29",IDFCBANK,9031214,53.25
280169,"2018-02-08 15:27:29",SBIN,18734503,302
280167,"2018-02-08 15:27:27",MARUTI,461620,9034
280166,"2018-02-08 15:27:26",ICICIBANK,9873752,332.55
280163,"2018-02-08 15:27:23",HDIL,8981589,52.5
280164,"2018-02-08 15:27:23",LT,1912403,1347.7
280165,"2018-02-08 15:27:23",ITC,9583188,273.85
280160,"2018-02-08 15:27:22",RELIANCE,6274037,904.35
280161,"2018-02-08 15:27:22",AXISBANK,5759817,568.9
280162,"2018-02-08 15:27:22",INFY,4383829,1133
280159,"2018-02-08 15:27:18",MARUTI,461458,9034.95
280155,"2018-02-08 15:27:17",LT,1912182,1347.7
280156,"2018-02-08 15:27:17",HDIL,8970382,52.5
280157,"2018-02-08 15:27:17",SBIN,18728854,301.95
280158,"2018-02-08 15:27:17",HDFC,1828195,1809.8
280153,"2018-02-08 15:27:15",AXISBANK,5756731,568.5
280154,"2018-02-08 15:27:15",ITC,9572574,273.85
280151,"2018-02-08 15:27:14",KOTAKBANK,1821882,1054
280152,"2018-02-08 15:27:14",HDFCBANK,1284644,1880.5
280148,"2018-02-08 15:27:11",HDFCBANK,1283934,1880.95
280149,"2018-02-08 15:27:11",AXISBANK,5755496,568.25
280150,"2018-02-08 15:27:11",LT,1911773,1347.65
280147,"2018-02-08 15:27:10",ITC,9557744,273.9
280143,"2018-02-08 15:27:08",HDFC,1827009,1809.85
280144,"2018-02-08 15:27:08",HDIL,8970292,52.5
280145,"2018-02-08 15:27:08",RELIANCE,6266861,904.15
280146,"2018-02-08 15:27:08",ICICIBANK,9774405,332.35
280142,"2018-02-08 15:27:03",HDFCBANK,1283313,1880.5
280141,"2018-02-08 15:27:02",JINDALSTEL,15927267,266.8
280138,"2018-02-08 15:27:00",MARUTI,461176,9034.2
280139,"2018-02-08 15:27:00",LT,1909438,1347.95
280140,"2018-02-08 15:27:00",SBIN,18696071,302
280137,"2018-02-08 15:26:59",KOTAKBANK,1820685,1054
280135,"2018-02-08 15:26:58",RELIANCE,6262946,904.3
280136,"2018-02-08 15:26:58",HDFC,1825771,1809.1
280132,"2018-02-08 15:26:57",AXISBANK,5754254,568.15
280133,"2018-02-08 15:26:57",ITC,9543414,273.95
280134,"2018-02-08 15:26:57",INFY,4373246,1132.85
280131,"2018-02-08 15:26:56",ICICIBANK,9630467,332.35
280129,"2018-02-08 15:26:54",HDIL,8950691,52.5
280130,"2018-02-08 15:26:54",ITC,9529364,273.85
280127,"2018-02-08 15:26:53",HDFC,1824852,1809.6
280128,"2018-02-08 15:26:53",MARUTI,460910,9037.5
280126,"2018-02-08 15:26:52",RELIANCE,6260067,904.55
280124,"2018-02-08 15:26:51",LT,1907381,1347
280125,"2018-02-08 15:26:51",JINDALSTEL,15926087,266.65
280121,"2018-02-08 15:26:49",HDFCBANK,1283211,1880.95
280122,"2018-02-08 15:26:49",AXISBANK,5752825,568.45
280123,"2018-02-08 15:26:49",INFY,4370768,1132.4
280119,"2018-02-08 15:26:48",KOTAKBANK,1819666,1053.9
280120,"2018-02-08 15:26:48",IDFCBANK,8958194,53.25
280118,"2018-02-08 15:26:45",HDIL,8948471,52.45
280116,"2018-02-08 15:26:44",HDFC,1821629,1810.95
280117,"2018-02-08 15:26:44",LT,1906842,1347.7
280115,"2018-02-08 15:26:43",ITC,9507719,273.8
280112,"2018-02-08 15:26:42",JINDALSTEL,15921058,266.65
280113,"2018-02-08 15:26:42",IDFCBANK,8955129,53.25
280114,"2018-02-08 15:26:42",MARUTI,460821,9037.15
280109,"2018-02-08 15:26:41",AXISBANK,5751369,568.5
280110,"2018-02-08 15:26:41",ICICIBANK,9550987,332.4
280111,"2018-02-08 15:26:41",KOTAKBANK,1819369,1053
280106,"2018-02-08 15:26:40",HDFCBANK,1281115,1880
280107,"2018-02-08 15:26:40",SBIN,18662795,301.6
280108,"2018-02-08 15:26:40",INFY,4369826,1132.55
280105,"2018-02-08 15:26:39",RELIANCE,6258912,904.6
280104,"2018-02-08 15:26:38",ITC,9493650,273.85
280103,"2018-02-08 15:26:36",IDFCBANK,8932365,53.25
280099,"2018-02-08 15:26:35",HDFCBANK,1280241,1880
280100,"2018-02-08 15:26:35",INFY,4368183,1132.4
280101,"2018-02-08 15:26:35",ICICIBANK,9414815,333.3
280102,"2018-02-08 15:26:35",MARUTI,460644,9039.75
280097,"2018-02-08 15:26:34",HDIL,8942496,52.5
280098,"2018-02-08 15:26:34",AXISBANK,5749359,568.5
280096,"2018-02-08 15:26:33",JINDALSTEL,15918899,266.8
280094,"2018-02-08 15:26:32",RELIANCE,6257051,904.95
280095,"2018-02-08 15:26:32",HDFC,1819547,1810.5
280091,"2018-02-08 15:26:27",AXISBANK,5748324,568.3
280092,"2018-02-08 15:26:27",RELIANCE,6250178,904.7
280093,"2018-02-08 15:26:27",SBIN,18614547,301.55
280090,"2018-02-08 15:26:26",HDFC,1817855,1810.5
280088,"2018-02-08 15:26:25",JINDALSTEL,15918108,266.7
280089,"2018-02-08 15:26:25",HDIL,8941296,52.5
280087,"2018-02-08 15:26:23",JINDALSTEL,15916552,266.7
280086,"2018-02-08 15:26:19",MARUTI,459834,9040
280085,"2018-02-08 15:26:18",HDFC,1816453,1810
280084,"2018-02-08 15:26:17",ITC,9465966,273.75
280082,"2018-02-08 15:26:16",SBIN,18572964,301.25
280083,"2018-02-08 15:26:16",AXISBANK,5746353,568.75
280080,"2018-02-08 15:26:15",HDIL,8940196,52.45
280081,"2018-02-08 15:26:15",RELIANCE,6247290,905
280079,"2018-02-08 15:26:14",IDFCBANK,8918880,53.3
280078,"2018-02-08 15:26:12",MARUTI,459638,9036.6
280077,"2018-02-08 15:26:09",JINDALSTEL,15913465,266.65
280075,"2018-02-08 15:26:08",KOTAKBANK,1816554,1054
280076,"2018-02-08 15:26:08",IDFCBANK,8910957,53.35
280072,"2018-02-08 15:26:07",ICICIBANK,9325450,333.85
280073,"2018-02-08 15:26:07",INFY,4360258,1132.8
280074,"2018-02-08 15:26:07",AXISBANK,5746056,568.4
280068,"2018-02-08 15:26:06",HDFCBANK,1277462,1879.95
280069,"2018-02-08 15:26:06",SBIN,18568624,301.15
280070,"2018-02-08 15:26:06",HDFC,1815151,1809.6
280071,"2018-02-08 15:26:06",ITC,9453302,273.85
280065,"2018-02-08 15:26:05",HDIL,8937074,52.5
280066,"2018-02-08 15:26:05",RELIANCE,6242359,904.9
280067,"2018-02-08 15:26:05",HDFC,1813190,1810.4
280064,"2018-02-08 15:26:03",HDFCBANK,1275937,1879.95
280061,"2018-02-08 15:26:02",KOTAKBANK,1815594,1054.2
280062,"2018-02-08 15:26:02",LT,1900786,1346.55
280063,"2018-02-08 15:26:02",SBIN,18562193,301.2
280058,"2018-02-08 15:26:01",IDFCBANK,8897828,53.3
280059,"2018-02-08 15:26:01",MARUTI,459290,9038
280060,"2018-02-08 15:26:01",RELIANCE,6238970,904.95
280056,"2018-02-08 15:26:00",JINDALSTEL,15911315,266.65
280057,"2018-02-08 15:26:00",AXISBANK,5743259,567.7
280054,"2018-02-08 15:25:59",SBIN,18562057,301.25
280055,"2018-02-08 15:25:59",LT,1900593,1347
280052,"2018-02-08 15:25:58",KOTAKBANK,1815334,1054.35
280053,"2018-02-08 15:25:58",IDFCBANK,8892409,53.35
280047,"2018-02-08 15:25:57",MARUTI,459197,9036
280048,"2018-02-08 15:25:57",ITC,9436409,273.9
280049,"2018-02-08 15:25:57",AXISBANK,5741984,567.65
280050,"2018-02-08 15:25:57",JINDALSTEL,15911215,266.9
280051,"2018-02-08 15:25:57",HDFC,1812749,1810.55
280045,"2018-02-08 15:25:56",ICICIBANK,9311121,334
280046,"2018-02-08 15:25:56",RELIANCE,6237762,904.9
280044,"2018-02-08 15:25:55",HDFC,1810743,1810.25
280043,"2018-02-08 15:25:53",ITC,9427175,273.8
280042,"2018-02-08 15:25:52",RELIANCE,6233462,904.9
280038,"2018-02-08 15:25:51",HDIL,8931781,52.5
280039,"2018-02-08 15:25:51",HDFCBANK,1274817,1880.55
280040,"2018-02-08 15:25:51",MARUTI,458778,9037
280041,"2018-02-08 15:25:51",AXISBANK,5740654,567.6
280036,"2018-02-08 15:25:50",JINDALSTEL,15903983,266.6
280037,"2018-02-08 15:25:50",KOTAKBANK,1813991,1054.25
280035,"2018-02-08 15:25:49",SBIN,18556842,301.2
280034,"2018-02-08 15:25:48",IDFCBANK,8881328,53.35
280032,"2018-02-08 15:25:45",HDIL,8922631,52.45
280033,"2018-02-08 15:25:45",LT,1899334,1347
280030,"2018-02-08 15:25:44",ITC,9421753,273.85
280031,"2018-02-08 15:25:44",INFY,4351991,1132.9
280027,"2018-02-08 15:25:41",KOTAKBANK,1813042,1054.05
280028,"2018-02-08 15:25:41",MARUTI,458679,9033.05
280029,"2018-02-08 15:25:41",AXISBANK,5740485,567.95
280026,"2018-02-08 15:25:40",HDFC,1809054,1809.85
280024,"2018-02-08 15:25:37",ITC,9412063,273.75
280025,"2018-02-08 15:25:37",RELIANCE,6227474,904.1
280022,"2018-02-08 15:25:35",HDIL,8921331,52.45
280023,"2018-02-08 15:25:35",MARUTI,458409,9030.7
280021,"2018-02-08 15:25:34",SBIN,18490701,301.25
280018,"2018-02-08 15:25:33",KOTAKBANK,1800406,1052.3
280019,"2018-02-08 15:25:33",HDFC,1807105,1810.1
280020,"2018-02-08 15:25:33",INFY,4350542,1132.95
280016,"2018-02-08 15:25:32",IDFCBANK,8880319,53.3
280017,"2018-02-08 15:25:32",HDFCBANK,1273597,1880.9
280014,"2018-02-08 15:25:31",AXISBANK,5739203,567.75
280015,"2018-02-08 15:25:31",ICICIBANK,9286166,334.2
280013,"2018-02-08 15:25:29",LT,1894049,1347.65
280011,"2018-02-08 15:25:28",ITC,9406420,273.8
280012,"2018-02-08 15:25:28",ICICIBANK,9276935,334.2
280010,"2018-02-08 15:25:27",MARUTI,458236,9035
280007,"2018-02-08 15:25:26",HDFC,1805558,1810
280008,"2018-02-08 15:25:26",HDIL,8917686,52.45
280009,"2018-02-08 15:25:26",INFY,4348242,1132.9
280003,"2018-02-08 15:25:25",SBIN,18451838,301
280004,"2018-02-08 15:25:25",JINDALSTEL,15885727,266.95
280005,"2018-02-08 15:25:25",RELIANCE,6220162,904.75
280006,"2018-02-08 15:25:25",KOTAKBANK,1800153,1052.75
280001,"2018-02-08 15:25:24",AXISBANK,5736177,567.6
280002,"2018-02-08 15:25:24",KOTAKBANK,1799689,1052.3
280000,"2018-02-08 15:25:22",HDIL,8915827,52.5
279999,"2018-02-08 15:25:20",ICICIBANK,9273356,334.25
279998,"2018-02-08 15:25:17",IDFCBANK,8836718,53.35
279996,"2018-02-08 15:25:15",AXISBANK,5734344,567.95
279997,"2018-02-08 15:25:15",ITC,9397956,273.8
279995,"2018-02-08 15:25:14",MARUTI,457607,9034
279994,"2018-02-08 15:25:13",HDIL,8912782,52.5
279993,"2018-02-08 15:25:12",HDFC,1802982,1809.6
279991,"2018-02-08 15:25:09",AXISBANK,5734068,567.9
279992,"2018-02-08 15:25:09",JINDALSTEL,15876399,267.05
279990,"2018-02-08 15:25:07",HDFCBANK,1273067,1880.65
279989,"2018-02-08 15:25:06",HDFCBANK,1272539,1880.95
279988,"2018-02-08 15:25:03",HDIL,8904122,52.5
279986,"2018-02-08 15:25:00",MARUTI,457553,9034.95
279987,"2018-02-08 15:25:00",KOTAKBANK,1798673,1052
279984,"2018-02-08 15:24:59",HDFC,1801458,1808.05
279985,"2018-02-08 15:24:59",AXISBANK,5733757,567.85
279982,"2018-02-08 15:24:58",JINDALSTEL,15871015,267.05
279983,"2018-02-08 15:24:58",ICICIBANK,9241984,334.4
279981,"2018-02-08 15:24:56",HDIL,8902622,52.5
279980,"2018-02-08 15:24:55",RELIANCE,6201908,905.1
279978,"2018-02-08 15:24:54",HDFC,1799293,1810.1
279979,"2018-02-08 15:24:54",LT,1888565,1348
279977,"2018-02-08 15:24:53",IDFCBANK,8822779,53.3
279976,"2018-02-08 15:24:52",MARUTI,457228,9036.05
279975,"2018-02-08 15:24:51",AXISBANK,5729952,568.05
279974,"2018-02-08 15:24:49",ITC,9359700,273.8
279973,"2018-02-08 15:24:47",MARUTI,457090,9038.9
279972,"2018-02-08 15:24:46",HDFC,1797811,1810.95
279971,"2018-02-08 15:24:45",IDFCBANK,8819151,53.35
279970,"2018-02-08 15:24:43",HDFCBANK,1270968,1881
279969,"2018-02-08 15:24:42",LT,1886957,1349
279967,"2018-02-08 15:24:41",ICICIBANK,9241377,334.5
279968,"2018-02-08 15:24:41",AXISBANK,5727594,568.05
279966,"2018-02-08 15:24:40",HDIL,8880553,52.45
279965,"2018-02-08 15:24:39",ITC,9342398,273.9
279964,"2018-02-08 15:24:38",ICICIBANK,9228370,334.45
279963,"2018-02-08 15:24:37",HDFC,1794577,1810.95
279961,"2018-02-08 15:24:35",IDFCBANK,8816603,53.3
279962,"2018-02-08 15:24:35",KOTAKBANK,1794580,1051
279960,"2018-02-08 15:24:34",MARUTI,456707,9036
279957,"2018-02-08 15:24:31",AXISBANK,5725253,567.85
279958,"2018-02-08 15:24:31",INFY,4329070,1132.2
279959,"2018-02-08 15:24:31",RELIANCE,6176926,904.65
279956,"2018-02-08 15:24:30",ICICIBANK,9213805,334.45
279955,"2018-02-08 15:24:29",LT,1881233,1347.3
279952,"2018-02-08 15:24:28",RELIANCE,6174478,904.65
279953,"2018-02-08 15:24:28",MARUTI,456528,9036.95
279954,"2018-02-08 15:24:28",HDFC,1793712,1811
279950,"2018-02-08 15:24:27",HDIL,8863795,52.4
279951,"2018-02-08 15:24:27",IDFCBANK,8796751,53.25
279946,"2018-02-08 15:24:25",JINDALSTEL,15857859,267.1
279947,"2018-02-08 15:24:25",KOTAKBANK,1792687,1051
279948,"2018-02-08 15:24:25",HDFCBANK,1268184,1881.45
279949,"2018-02-08 15:24:25",ITC,9337957,273.8
279945,"2018-02-08 15:24:24",AXISBANK,5724376,567.65
279944,"2018-02-08 15:24:21",HDFCBANK,1267588,1880.4
279943,"2018-02-08 15:24:20",RELIANCE,6164510,904.25
279942,"2018-02-08 15:24:19",LT,1879665,1347.1
279941,"2018-02-08 15:24:18",JINDALSTEL,15851895,267
279940,"2018-02-08 15:24:17",IDFCBANK,8792731,53.3
279936,"2018-02-08 15:24:16",AXISBANK,5721172,567
279937,"2018-02-08 15:24:16",HDFC,1792672,1810.75
279938,"2018-02-08 15:24:16",ICICIBANK,9211498,334.75
279939,"2018-02-08 15:24:16",MARUTI,456415,9035.05
279931,"2018-02-08 15:24:15",ITC,9332345,273.9
279932,"2018-02-08 15:24:15",HDFC,1791752,1809.9
279933,"2018-02-08 15:24:15",JINDALSTEL,15847916,266.95
279934,"2018-02-08 15:24:15",INFY,4325041,1132.25
279935,"2018-02-08 15:24:15",HDIL,8861069,52.45
279930,"2018-02-08 15:24:14",JINDALSTEL,15851895,267
279928,"2018-02-08 15:24:13",KOTAKBANK,1792033,1050.95
279929,"2018-02-08 15:24:13",HDFC,1792672,1810.75
279926,"2018-02-08 15:24:12",KOTAKBANK,1791746,1050.65
279927,"2018-02-08 15:24:12",MARUTI,456258,9035
279925,"2018-02-08 15:24:11",HDIL,8852561,52.45
279924,"2018-02-08 15:24:10",SBIN,18338169,301.25
279923,"2018-02-08 15:24:09",IDFCBANK,8778464,53.3
279922,"2018-02-08 15:24:08",INFY,4323898,1132.35
279920,"2018-02-08 15:24:06",AXISBANK,5719186,567
279921,"2018-02-08 15:24:06",HDFC,1791752,1809.9
279916,"2018-02-08 15:24:05",ICICIBANK,9190578,334
279917,"2018-02-08 15:24:05",LT,1878450,1347.5
279918,"2018-02-08 15:24:05",HDFCBANK,1267074,1882.05
279919,"2018-02-08 15:24:05",ITC,9329481,273.75
279911,"2018-02-08 15:24:04",INFY,4323290,1132.45
279912,"2018-02-08 15:24:04",MARUTI,456247,9038
279913,"2018-02-08 15:24:04",SBIN,18337442,301.25
279914,"2018-02-08 15:24:04",AXISBANK,5716833,567
279915,"2018-02-08 15:24:04",ITC,9315987,273.75
279910,"2018-02-08 15:24:03",HDFC,1790105,1810.8
279907,"2018-02-08 15:24:02",HDFCBANK,1265506,1881.5
279908,"2018-02-08 15:24:02",ICICIBANK,9140296,334.35
279909,"2018-02-08 15:24:02",ITC,9314592,273.85
279906,"2018-02-08 15:24:01",MARUTI,456127,9035
279905,"2018-02-08 15:24:00",KOTAKBANK,1790485,1050.55
279903,"2018-02-08 15:23:57",ITC,9300621,273.7
279904,"2018-02-08 15:23:57",AXISBANK,5716594,567.05
279902,"2018-02-08 15:23:56",RELIANCE,6130686,904.05
279901,"2018-02-08 15:23:54",JINDALSTEL,15842476,267.05
279900,"2018-02-08 15:23:53",SBIN,18325350,301.4
279898,"2018-02-08 15:23:52",ICICIBANK,9115455,334.5
279899,"2018-02-08 15:23:52",KOTAKBANK,1786775,1050.55
279895,"2018-02-08 15:23:49",LT,1875919,1346.3
279896,"2018-02-08 15:23:49",INFY,4317451,1132.85
279897,"2018-02-08 15:23:49",HDIL,8815371,52.5
279894,"2018-02-08 15:23:48",AXISBANK,5706981,567.2
279893,"2018-02-08 15:23:46",KOTAKBANK,1785593,1050.7
279892,"2018-02-08 15:23:45",HDIL,8795719,52.5
279890,"2018-02-08 15:23:43",JINDALSTEL,15841564,267.15
279891,"2018-02-08 15:23:43",IDFCBANK,8735753,53.3
279888,"2018-02-08 15:23:42",MARUTI,455672,9036.9
279889,"2018-02-08 15:23:42",AXISBANK,5704766,567.45
279887,"2018-02-08 15:23:41",HDFC,1787098,1810
279886,"2018-02-08 15:23:38",JINDALSTEL,15838400,267.25
279882,"2018-02-08 15:23:33",INFY,4309948,1132.65
279883,"2018-02-08 15:23:33",HDIL,8795079,52.55
279884,"2018-02-08 15:23:33",SBIN,18314656,301.5
279885,"2018-02-08 15:23:33",RELIANCE,6127117,904
279880,"2018-02-08 15:23:31",HDFCBANK,1262232,1880.85
279881,"2018-02-08 15:23:31",HDFC,1785296,1810
279876,"2018-02-08 15:23:30",ICICIBANK,9071024,334.8
279877,"2018-02-08 15:23:30",LT,1874281,1346.35
279878,"2018-02-08 15:23:30",IDFCBANK,8727219,53.3
279879,"2018-02-08 15:23:30",AXISBANK,5703735,567.6
279872,"2018-02-08 15:23:29",LT,1872943,1346.5
279873,"2018-02-08 15:23:29",ITC,9284178,273.7
279874,"2018-02-08 15:23:29",MARUTI,455529,9037.5
279875,"2018-02-08 15:23:29",KOTAKBANK,1785394,1050.5
279871,"2018-02-08 15:23:28",RELIANCE,6122802,904.1
279870,"2018-02-08 15:23:26",KOTAKBANK,1784274,1050.15
279867,"2018-02-08 15:23:25",AXISBANK,5702229,567.65
279868,"2018-02-08 15:23:25",HDIL,8792797,52.55
279869,"2018-02-08 15:23:25",IDFCBANK,8717396,53.25
279866,"2018-02-08 15:23:24",ICICIBANK,9064177,335
279864,"2018-02-08 15:23:23",HDFC,1783661,1810.85
279865,"2018-02-08 15:23:23",MARUTI,455419,9039.85
279862,"2018-02-08 15:23:22",IDFCBANK,8709433,53.3
279863,"2018-02-08 15:23:22",JINDALSTEL,15836729,267.35
279861,"2018-02-08 15:23:19",LT,1871402,1346.8
279860,"2018-02-08 15:23:18",ITC,9265105,273.5
279859,"2018-02-08 15:23:17",MARUTI,455200,9042.95
279858,"2018-02-08 15:23:15",AXISBANK,5699110,567.7
279856,"2018-02-08 15:23:14",RELIANCE,6117676,904.15
279857,"2018-02-08 15:23:14",HDIL,8792127,52.55
279855,"2018-02-08 15:23:13",HDFC,1780561,1811.3
279852,"2018-02-08 15:23:12",ICICIBANK,9051140,335.2
279853,"2018-02-08 15:23:12",HDFCBANK,1261211,1880.2
279854,"2018-02-08 15:23:12",JINDALSTEL,15835997,267.3
279849,"2018-02-08 15:23:09",INFY,4300777,1132.3
279850,"2018-02-08 15:23:09",JINDALSTEL,15829974,267.45
279851,"2018-02-08 15:23:09",IDFCBANK,8707530,53.3
279847,"2018-02-08 15:23:06",RELIANCE,6113897,904.05
279848,"2018-02-08 15:23:06",HDIL,8788757,52.5
279843,"2018-02-08 15:23:05",ICICIBANK,9043733,334.95
279844,"2018-02-08 15:23:05",KOTAKBANK,1781638,1051
279845,"2018-02-08 15:23:05",MARUTI,454822,9044.9
279846,"2018-02-08 15:23:05",AXISBANK,5697514,567.1
279838,"2018-02-08 15:23:04",HDFC,1778740,1811.4
279839,"2018-02-08 15:23:04",AXISBANK,5697514,567.1
279840,"2018-02-08 15:23:04",HDFCBANK,1260871,1880.8
279841,"2018-02-08 15:23:04",AXISBANK,5689077,567.65
279842,"2018-02-08 15:23:04",LT,1869127,1346.9
279837,"2018-02-08 15:23:03",SBIN,18261880,301.7
279835,"2018-02-08 15:23:01",ICICIBANK,9027388,335
279836,"2018-02-08 15:23:01",HDFCBANK,1259991,1880.25
279834,"2018-02-08 15:22:58",JINDALSTEL,15822108,267.45
279831,"2018-02-08 15:22:57",RELIANCE,6110318,904.2
279832,"2018-02-08 15:22:57",HDFC,1776392,1811.65
279833,"2018-02-08 15:22:57",LT,1866877,1348.55
279828,"2018-02-08 15:22:56",HDIL,8786724,52.55
279829,"2018-02-08 15:22:56",INFY,4296688,1132.75
279830,"2018-02-08 15:22:56",AXISBANK,5689077,567.65
279825,"2018-02-08 15:22:55",IDFCBANK,8698718,53.25
279826,"2018-02-08 15:22:55",SBIN,18217688,301.85
279827,"2018-02-08 15:22:55",MARUTI,454502,9038.6
279824,"2018-02-08 15:22:54",HDFC,1775641,1812.5
279823,"2018-02-08 15:22:52",JINDALSTEL,15804725,266.95
279822,"2018-02-08 15:22:49",ICICIBANK,9025576,334.9
279818,"2018-02-08 15:22:48",KOTAKBANK,1772241,1050.9
279819,"2018-02-08 15:22:48",INFY,4292189,1132.65
279820,"2018-02-08 15:22:48",MARUTI,454107,9039
279821,"2018-02-08 15:22:48",HDFCBANK,1259344,1880.9
279813,"2018-02-08 15:22:47",ITC,9231203,273.55
279814,"2018-02-08 15:22:47",HDIL,8783923,52.5
279815,"2018-02-08 15:22:47",IDFCBANK,8691111,53.25
279816,"2018-02-08 15:22:47",AXISBANK,5685556,567.5
279817,"2018-02-08 15:22:47",RELIANCE,6103960,904
279812,"2018-02-08 15:22:46",LT,1861990,1346.05
279810,"2018-02-08 15:22:43",HDFC,1773350,1812.5
279811,"2018-02-08 15:22:43",HDFCBANK,1258745,1879.5
279809,"2018-02-08 15:22:42",IDFCBANK,8652934,53.25
279806,"2018-02-08 15:22:41",ITC,9212859,273.5
279807,"2018-02-08 15:22:41",JINDALSTEL,15785104,267.1
279808,"2018-02-08 15:22:41",MARUTI,453996,9039.95
279805,"2018-02-08 15:22:40",SBIN,18166523,301.75
279803,"2018-02-08 15:22:39",INFY,4290240,1132.65
279804,"2018-02-08 15:22:39",AXISBANK,5683386,567.6
279798,"2018-02-08 15:22:38",ICICIBANK,9022560,335
279799,"2018-02-08 15:22:38",HDIL,8779773,52.55
279800,"2018-02-08 15:22:38",KOTAKBANK,1771591,1050.65
279801,"2018-02-08 15:22:38",RELIANCE,6100039,904.1
279802,"2018-02-08 15:22:38",LT,1860206,1346.4
279797,"2018-02-08 15:22:36",ITC,9203451,273.7
279796,"2018-02-08 15:22:34",HDFCBANK,1256558,1879.65
279794,"2018-02-08 15:22:33",SBIN,18119235,301.7
279795,"2018-02-08 15:22:33",INFY,4287098,1132.65
279791,"2018-02-08 15:22:32",ICICIBANK,9020502,334.95
279792,"2018-02-08 15:22:32",JINDALSTEL,15769613,267.25
279793,"2018-02-08 15:22:32",LT,1857765,1346.8
279789,"2018-02-08 15:22:31",HDIL,8777033,52.55
279790,"2018-02-08 15:22:31",AXISBANK,5677054,567.8
279786,"2018-02-08 15:22:30",MARUTI,453597,9038
279787,"2018-02-08 15:22:30",RELIANCE,6094011,904.3
279788,"2018-02-08 15:22:30",HDFC,1770053,1811.4
279783,"2018-02-08 15:22:29",INFY,4287098,1132.65
279784,"2018-02-08 15:22:29",INFY,4282141,1132.55
279785,"2018-02-08 15:22:29",KOTAKBANK,1770564,1051
279782,"2018-02-08 15:22:27",IDFCBANK,8639238,53.25
279779,"2018-02-08 15:22:26",INFY,4282141,1132.55
279780,"2018-02-08 15:22:26",HDIL,8773108,52.55
279781,"2018-02-08 15:22:26",ITC,9199038,273.6
279778,"2018-02-08 15:22:24",HDFC,1768459,1811.45
279773,"2018-02-08 15:22:22",AXISBANK,5669321,567.9
279774,"2018-02-08 15:22:22",RELIANCE,6091408,904.1
279775,"2018-02-08 15:22:22",JINDALSTEL,15751840,266.8
279776,"2018-02-08 15:22:22",KOTAKBANK,1770165,1050.65
279777,"2018-02-08 15:22:22",HDFCBANK,1256307,1880
279769,"2018-02-08 15:22:21",LT,1856814,1346.95
279770,"2018-02-08 15:22:21",ICICIBANK,9011499,335.15
279771,"2018-02-08 15:22:21",SBIN,18076135,301.7
279772,"2018-02-08 15:22:21",MARUTI,453477,9038
279768,"2018-02-08 15:22:20",MARUTI,453304,9037.95
279767,"2018-02-08 15:22:18",ITC,9190663,273.65
279765,"2018-02-08 15:22:17",JINDALSTEL,15726219,266.6
279766,"2018-02-08 15:22:17",HDIL,8772422,52.55
279763,"2018-02-08 15:22:16",INFY,4279655,1132.8
279764,"2018-02-08 15:22:16",AXISBANK,5666357,567.9
279759,"2018-02-08 15:22:14",RELIANCE,6086321,904.4
279760,"2018-02-08 15:22:14",ICICIBANK,9004716,335
279761,"2018-02-08 15:22:14",HDFCBANK,1255964,1880.45
279762,"2018-02-08 15:22:14",IDFCBANK,8626225,53.25
279757,"2018-02-08 15:22:13",HDFC,1766974,1812
279758,"2018-02-08 15:22:13",LT,1856250,1347.35
279756,"2018-02-08 15:22:11",ICICIBANK,8998190,335.1
279755,"2018-02-08 15:22:09",ITC,9171106,273.85
279753,"2018-02-08 15:22:08",RELIANCE,6077544,903.95
279754,"2018-02-08 15:22:08",HDIL,8767021,52.5
279751,"2018-02-08 15:22:07",KOTAKBANK,1768600,1050.95
279752,"2018-02-08 15:22:07",MARUTI,453238,9037.95
279750,"2018-02-08 15:22:06",SBIN,18026627,301.5
279746,"2018-02-08 15:22:05",LT,1855452,1346.9
279747,"2018-02-08 15:22:05",INFY,4277811,1132.95
279748,"2018-02-08 15:22:05",IDFCBANK,8619386,53.3
279749,"2018-02-08 15:22:05",JINDALSTEL,15699783,266.45
279743,"2018-02-08 15:22:04",HDFCBANK,1254649,1880
279744,"2018-02-08 15:22:04",HDFC,1765842,1811.25
279745,"2018-02-08 15:22:04",AXISBANK,5662285,568.45
279742,"2018-02-08 15:22:02",KOTAKBANK,1768310,1050.6
279740,"2018-02-08 15:22:00",INFY,4272526,1133.4
279741,"2018-02-08 15:22:00",ICICIBANK,8993886,335.1
279739,"2018-02-08 15:21:58",HDFCBANK,1254369,1879.95
279734,"2018-02-08 15:21:57",JINDALSTEL,15698162,266.55
279735,"2018-02-08 15:21:57",AXISBANK,5661919,568.45
279736,"2018-02-08 15:21:57",ITC,9166258,273.75
279737,"2018-02-08 15:21:57",SBIN,18020170,301.6
279738,"2018-02-08 15:21:57",MARUTI,453080,9038
279730,"2018-02-08 15:21:56",HDIL,8763267,52.5
279731,"2018-02-08 15:21:56",RELIANCE,6074940,903.95
279732,"2018-02-08 15:21:56",LT,1854759,1347
279733,"2018-02-08 15:21:56",IDFCBANK,8605296,53.25
279729,"2018-02-08 15:21:55",HDIL,8754215,52.5
279728,"2018-02-08 15:21:53",LT,1853452,1347.4
279727,"2018-02-08 15:21:51",KOTAKBANK,1767103,1050.9
279725,"2018-02-08 15:21:49",JINDALSTEL,15695365,266.65
279726,"2018-02-08 15:21:49",HDFC,1762989,1811.7
279724,"2018-02-08 15:21:48",MARUTI,452876,9038.95
279719,"2018-02-08 15:21:47",IDFCBANK,8596810,53.25
279720,"2018-02-08 15:21:47",RELIANCE,6071861,903.95
279721,"2018-02-08 15:21:47",HDFCBANK,1253474,1879.9
279722,"2018-02-08 15:21:47",ITC,9150934,273.8
279723,"2018-02-08 15:21:47",ICICIBANK,8989134,334.9
279716,"2018-02-08 15:21:46",SBIN,18012492,301.65
279717,"2018-02-08 15:21:46",INFY,4271778,1133.55
279718,"2018-02-08 15:21:46",AXISBANK,5661244,568.55
279715,"2018-02-08 15:21:44",JINDALSTEL,15695065,266.85
279714,"2018-02-08 15:21:43",HDFC,1761520,1811.5
279713,"2018-02-08 15:21:42",SBIN,18008898,301.75
279711,"2018-02-08 15:21:41",MARUTI,452658,9039
279712,"2018-02-08 15:21:41",RELIANCE,6067728,904.05
279706,"2018-02-08 15:21:39",IDFCBANK,8590191,53.25
279707,"2018-02-08 15:21:39",HDFCBANK,1252840,1879.5
279708,"2018-02-08 15:21:39",HDIL,8752290,52.55
279709,"2018-02-08 15:21:39",LT,1853180,1347
279710,"2018-02-08 15:21:39",AXISBANK,5661092,568.3
279705,"2018-02-08 15:21:38",INFY,4269750,1133.65
279704,"2018-02-08 15:21:35",ICICIBANK,8983375,334.85
279703,"2018-02-08 15:21:34",KOTAKBANK,1766344,1050.95
279700,"2018-02-08 15:21:33",HDFC,1758836,1811.45
279701,"2018-02-08 15:21:33",MARUTI,452148,9037
279702,"2018-02-08 15:21:33",HDIL,8741270,52.5
279698,"2018-02-08 15:21:32",SBIN,18001844,301.65
279699,"2018-02-08 15:21:32",ITC,9140850,274
279695,"2018-02-08 15:21:31",AXISBANK,5658077,568.2
279696,"2018-02-08 15:21:31",LT,1852253,1346.6
279697,"2018-02-08 15:21:31",INFY,4267276,1133.7
279692,"2018-02-08 15:21:30",HDFCBANK,1252522,1879.5
279693,"2018-02-08 15:21:30",JINDALSTEL,15691494,266.6
279694,"2018-02-08 15:21:30",IDFCBANK,8564991,53.3
279690,"2018-02-08 15:21:29",ICICIBANK,8979136,334.8
279691,"2018-02-08 15:21:29",RELIANCE,6063219,904.1
279689,"2018-02-08 15:21:27",KOTAKBANK,1766206,1050.6
279688,"2018-02-08 15:21:26",JINDALSTEL,15682338,266.6
279686,"2018-02-08 15:21:25",LT,1850966,1347.5
279687,"2018-02-08 15:21:25",RELIANCE,6060857,904.05
279683,"2018-02-08 15:21:24",HDIL,8696863,52.5
279684,"2018-02-08 15:21:24",MARUTI,451871,9035.1
279685,"2018-02-08 15:21:24",HDFCBANK,1252446,1879.5
279682,"2018-02-08 15:21:23",HDFC,1758118,1811.45
279678,"2018-02-08 15:21:22",ITC,9137171,273.85
279679,"2018-02-08 15:21:22",AXISBANK,5657373,568.25
279680,"2018-02-08 15:21:22",SBIN,17985518,301.6
279681,"2018-02-08 15:21:22",IDFCBANK,8553061,53.3
279676,"2018-02-08 15:21:21",MARUTI,451735,9038
279677,"2018-02-08 15:21:21",INFY,4265003,1133.35
279675,"2018-02-08 15:21:20",RELIANCE,6059099,904.45
279673,"2018-02-08 15:21:19",HDFCBANK,1252350,1879.3
279674,"2018-02-08 15:21:19",ITC,9130081,274
279671,"2018-02-08 15:21:18",HDFC,1756622,1811.4
279672,"2018-02-08 15:21:18",AXISBANK,5655896,568.55
279667,"2018-02-08 15:21:15",IDFCBANK,8542828,53.25
279668,"2018-02-08 15:21:15",ICICIBANK,8974194,334.85
279669,"2018-02-08 15:21:15",LT,1849987,1347.75
279670,"2018-02-08 15:21:15",HDIL,8653608,52.55
279665,"2018-02-08 15:21:14",JINDALSTEL,15671039,266.55
279666,"2018-02-08 15:21:14",INFY,4255890,1133.15
279664,"2018-02-08 15:21:12",HDIL,8642353,52.6
279662,"2018-02-08 15:21:11",INFY,4254203,1133.15
279663,"2018-02-08 15:21:11",MARUTI,451378,9036.65
279661,"2018-02-08 15:21:09",JINDALSTEL,15665375,266.65
279659,"2018-02-08 15:21:08",AXISBANK,5655073,568.6
279660,"2018-02-08 15:21:08",ICICIBANK,8969214,335
279657,"2018-02-08 15:21:07",HDFCBANK,1252217,1879.85
279658,"2018-02-08 15:21:07",KOTAKBANK,1765257,1051
279656,"2018-02-08 15:21:06",SBIN,17963066,301.8
279655,"2018-02-08 15:21:05",INFY,4251076,1133.1
279653,"2018-02-08 15:21:02",HDFCBANK,1251039,1880.9
279654,"2018-02-08 15:21:02",HDFC,1753931,1811.95
279651,"2018-02-08 15:21:01",LT,1849080,1348.05
279652,"2018-02-08 15:21:01",HDIL,8638973,52.55
279648,"2018-02-08 15:20:59",JINDALSTEL,15661469,266.5
279649,"2018-02-08 15:20:59",IDFCBANK,8517378,53.25
279650,"2018-02-08 15:20:59",RELIANCE,6042652,904.5
279647,"2018-02-08 15:20:58",AXISBANK,5652044,568.15
279646,"2018-02-08 15:20:57",ITC,9111721,274.15
279645,"2018-02-08 15:20:56",JINDALSTEL,15660777,266.75
279644,"2018-02-08 15:20:54",ITC,9096934,274
279643,"2018-02-08 15:20:53",MARUTI,450985,9037
279642,"2018-02-08 15:20:52",LT,1848223,1347.2
279640,"2018-02-08 15:20:50",IDFCBANK,8515138,53.3
279641,"2018-02-08 15:20:50",AXISBANK,5650667,568.15
279635,"2018-02-08 15:20:49",KOTAKBANK,1764354,1050.6
279636,"2018-02-08 15:20:49",INFY,4249723,1133.15
279637,"2018-02-08 15:20:49",HDFC,1753098,1811.95
279638,"2018-02-08 15:20:49",ICICIBANK,8959386,334.75
279639,"2018-02-08 15:20:49",SBIN,17950393,301.95
279634,"2018-02-08 15:20:48",INFY,4248118,1133.2
279633,"2018-02-08 15:20:47",SBIN,17945488,301.95
279631,"2018-02-08 15:20:45",IDFCBANK,8513710,53.25
279632,"2018-02-08 15:20:45",KOTAKBANK,1763412,1050.95
279629,"2018-02-08 15:20:44",ICICIBANK,8948709,334.95
279630,"2018-02-08 15:20:44",MARUTI,450600,9035.5
279628,"2018-02-08 15:20:42",HDIL,8635188,52.55
279625,"2018-02-08 15:20:41",AXISBANK,5648752,568.5
279626,"2018-02-08 15:20:41",ITC,9086045,274.05
279627,"2018-02-08 15:20:41",JINDALSTEL,15658876,266.75
279624,"2018-02-08 15:20:39",INFY,4247937,1133.3
279621,"2018-02-08 15:20:37",ICICIBANK,8948165,334.9
279622,"2018-02-08 15:20:37",JINDALSTEL,15657562,266.8
279623,"2018-02-08 15:20:37",HDIL,8633833,52.55
279619,"2018-02-08 15:20:36",MARUTI,450518,9037.95
279620,"2018-02-08 15:20:36",LT,1845317,1347.8
279618,"2018-02-08 15:20:34",HDFCBANK,1249753,1880.05
279615,"2018-02-08 15:20:33",RELIANCE,6022644,904.1
279616,"2018-02-08 15:20:33",AXISBANK,5647807,568.65
279617,"2018-02-08 15:20:33",IDFCBANK,8510258,53.25
279614,"2018-02-08 15:20:32",KOTAKBANK,1763089,1051
279613,"2018-02-08 15:20:26",RELIANCE,6019938,904.25
279611,"2018-02-08 15:20:24",SBIN,17939651,302
279612,"2018-02-08 15:20:24",LT,1843470,1348
279608,"2018-02-08 15:20:23",HDFCBANK,1249195,1879.7
279609,"2018-02-08 15:20:23",HDIL,8623533,52.55
279610,"2018-02-08 15:20:23",ICICIBANK,8941382,334.95
279603,"2018-02-08 15:20:22",HDFCBANK,1249195,1879.7
279604,"2018-02-08 15:20:22",JINDALSTEL,15654083,266.75
279605,"2018-02-08 15:20:22",HDFCBANK,1248050,1878.95
279606,"2018-02-08 15:20:22",AXISBANK,5647661,568.8
279607,"2018-02-08 15:20:22",INFY,4244342,1133.4
279602,"2018-02-08 15:20:21",ITC,9055370,274.2
279601,"2018-02-08 15:20:20",KOTAKBANK,1761260,1051.05
279600,"2018-02-08 15:20:19",RELIANCE,6011950,904.3
279598,"2018-02-08 15:20:17",ITC,9037916,274.2
279599,"2018-02-08 15:20:17",HDIL,8617814,52.6
279596,"2018-02-08 15:20:16",HDFCBANK,1248050,1878.95
279597,"2018-02-08 15:20:16",HDFC,1744339,1812.75
279594,"2018-02-08 15:20:15",ICICIBANK,8935996,334.85
279595,"2018-02-08 15:20:15",JINDALSTEL,15648142,266.5
279590,"2018-02-08 15:20:14",LT,1842267,1348.4
279591,"2018-02-08 15:20:14",AXISBANK,5643314,568.9
279592,"2018-02-08 15:20:14",IDFCBANK,8477164,53.3
279593,"2018-02-08 15:20:14",INFY,4238498,1133.4
279589,"2018-02-08 15:20:13",MARUTI,449799,9036.85
279587,"2018-02-08 15:20:12",KOTAKBANK,1760940,1051.4
279588,"2018-02-08 15:20:12",MARUTI,449625,9037.35
279585,"2018-02-08 15:20:10",JINDALSTEL,15646479,266.55
279586,"2018-02-08 15:20:10",AXISBANK,5641794,568.8
279582,"2018-02-08 15:20:09",RELIANCE,6010899,904
279583,"2018-02-08 15:20:09",LT,1840426,1347.35
279584,"2018-02-08 15:20:09",HDIL,8611694,52.55
279581,"2018-02-08 15:20:08",IDFCBANK,8468777,53.3
279580,"2018-02-08 15:20:06",HDFC,1742452,1812.5
279579,"2018-02-08 15:20:05",JINDALSTEL,15643329,266.65
279578,"2018-02-08 15:20:02",AXISBANK,5639759,568.5
279577,"2018-02-08 15:20:01",LT,1840127,1347.15
279576,"2018-02-08 15:19:59",HDIL,8605316,52.65
279575,"2018-02-08 15:19:57",INFY,4236598,1133.65
279572,"2018-02-08 15:19:56",SBIN,17917548,301.95
279573,"2018-02-08 15:19:56",RELIANCE,6005752,904.4
279574,"2018-02-08 15:19:56",MARUTI,449404,9038
279571,"2018-02-08 15:19:55",LT,1839619,1347.65
279569,"2018-02-08 15:19:52",INFY,4233916,1133.9
279570,"2018-02-08 15:19:52",KOTAKBANK,1759009,1051.5
279568,"2018-02-08 15:19:50",IDFCBANK,8453726,53.25
279567,"2018-02-08 15:19:49",HDFCBANK,1243906,1879.8
279563,"2018-02-08 15:19:48",SBIN,17911493,301.9
279564,"2018-02-08 15:19:48",AXISBANK,5639096,568.85
279565,"2018-02-08 15:19:48",HDFC,1740886,1812.7
279566,"2018-02-08 15:19:48",RELIANCE,6002131,904
279560,"2018-02-08 15:19:47",ICICIBANK,8922736,334.8
279561,"2018-02-08 15:19:47",HDIL,8597580,52.6
279562,"2018-02-08 15:19:47",ITC,9014594,274.15
279558,"2018-02-08 15:19:46",JINDALSTEL,15642340,266.5
279559,"2018-02-08 15:19:46",MARUTI,449058,9037.95
279557,"2018-02-08 15:19:45",MARUTI,448885,9035
279556,"2018-02-08 15:19:44",JINDALSTEL,15640164,266.7
279553,"2018-02-08 15:19:43",RELIANCE,5997477,904
279554,"2018-02-08 15:19:43",HDFCBANK,1243508,1879.15
279555,"2018-02-08 15:19:43",IDFCBANK,8448236,53.25
279552,"2018-02-08 15:19:42",ICICIBANK,8920167,334.85
279550,"2018-02-08 15:19:41",HDIL,8594563,52.65
279551,"2018-02-08 15:19:41",SBIN,17900371,301.8
279548,"2018-02-08 15:19:40",INFY,4230804,1133.9
279549,"2018-02-08 15:19:40",LT,1839234,1346.9
279546,"2018-02-08 15:19:39",ITC,9007905,274.1
279547,"2018-02-08 15:19:39",AXISBANK,5635841,568.55
279545,"2018-02-08 15:19:38",KOTAKBANK,1758162,1051.3
279544,"2018-02-08 15:19:37",INFY,4230191,1133.85
279542,"2018-02-08 15:19:35",ITC,8997694,274
279543,"2018-02-08 15:19:35",AXISBANK,5635711,568.75
279540,"2018-02-08 15:19:34",SBIN,17891648,301.9
279541,"2018-02-08 15:19:34",RELIANCE,5990786,904.25
279539,"2018-02-08 15:19:33",ICICIBANK,8909111,334.9
279535,"2018-02-08 15:19:32",HDFCBANK,1242358,1879.45
279536,"2018-02-08 15:19:32",LT,1838269,1347
279537,"2018-02-08 15:19:32",IDFCBANK,8438550,53.25
279538,"2018-02-08 15:19:32",HDFC,1738124,1811.55
279534,"2018-02-08 15:19:29",HDFC,1737383,1811.95
279533,"2018-02-08 15:19:28",ICICIBANK,8904091,335
279531,"2018-02-08 15:19:27",SBIN,17880202,301.9
279532,"2018-02-08 15:19:27",IDFCBANK,8429343,53.25
279530,"2018-02-08 15:19:25",AXISBANK,5633485,568.45
279528,"2018-02-08 15:19:23",HDFCBANK,1242176,1879.75
279529,"2018-02-08 15:19:23",LT,1836671,1346.95
279527,"2018-02-08 15:19:22",HDIL,8593218,52.7
279526,"2018-02-08 15:19:21",KOTAKBANK,1755678,1052
279525,"2018-02-08 15:19:20",INFY,4221403,1133.95
279524,"2018-02-08 15:19:19",KOTAKBANK,1754907,1052
279523,"2018-02-08 15:19:18",RELIANCE,5983877,904
279522,"2018-02-08 15:19:16",HDFC,1736198,1812.75
279521,"2018-02-08 15:19:15",JINDALSTEL,15634629,266.55
279519,"2018-02-08 15:19:14",LT,1836453,1347.25
279520,"2018-02-08 15:19:14",HDIL,8588243,52.65
279517,"2018-02-08 15:19:13",HDFC,1734088,1812.8
279518,"2018-02-08 15:19:13",ITC,8984983,274.1
279516,"2018-02-08 15:19:09",MARUTI,446299,9039.2
279514,"2018-02-08 15:19:07",SBIN,17864171,302
279515,"2018-02-08 15:19:07",IDFCBANK,8418425,53.25
279511,"2018-02-08 15:19:06",LT,1835981,1346.6
279512,"2018-02-08 15:19:06",KOTAKBANK,1753900,1051.95
279513,"2018-02-08 15:19:06",JINDALSTEL,15631887,266.35
279506,"2018-02-08 15:19:05",HDFCBANK,1241026,1879
279507,"2018-02-08 15:19:05",RELIANCE,5977791,903.85
279508,"2018-02-08 15:19:05",INFY,4218390,1134
279509,"2018-02-08 15:19:05",HDIL,8586368,52.65
279510,"2018-02-08 15:19:05",ICICIBANK,8890570,335
279505,"2018-02-08 15:19:04",AXISBANK,5629737,568.6
279504,"2018-02-08 15:19:01",ITC,8957281,274.1
279503,"2018-02-08 15:18:59",MARUTI,446199,9034.85
279502,"2018-02-08 15:18:58",RELIANCE,5976339,903.9
279500,"2018-02-08 15:18:57",INFY,4215159,1134.75
279501,"2018-02-08 15:18:57",ICICIBANK,8886748,335
279496,"2018-02-08 15:18:56",KOTAKBANK,1753479,1051.8
279497,"2018-02-08 15:18:56",LT,1835410,1346.5
279498,"2018-02-08 15:18:56",AXISBANK,5626052,568.6
279499,"2018-02-08 15:18:56",HDFCBANK,1239897,1879.55
279492,"2018-02-08 15:18:55",JINDALSTEL,15630842,266.2
279493,"2018-02-08 15:18:55",IDFCBANK,8413696,53.25
279494,"2018-02-08 15:18:55",HDIL,8580813,52.65
279495,"2018-02-08 15:18:55",SBIN,17856651,301.95
279491,"2018-02-08 15:18:54",LT,1835298,1346.7
279490,"2018-02-08 15:18:53",IDFCBANK,8413080,53.3
279489,"2018-02-08 15:18:49",HDIL,8577353,52.65
279485,"2018-02-08 15:18:48",AXISBANK,5625911,568.55
279486,"2018-02-08 15:18:48",HDFC,1731890,1812.85
279487,"2018-02-08 15:18:48",INFY,4210684,1135
279488,"2018-02-08 15:18:48",JINDALSTEL,15608649,266.45
279480,"2018-02-08 15:18:47",ICICIBANK,8883449,334.8
279481,"2018-02-08 15:18:47",ITC,8949142,274.2
279482,"2018-02-08 15:18:47",RELIANCE,5970632,903.95
279483,"2018-02-08 15:18:47",KOTAKBANK,1752957,1051.65
279484,"2018-02-08 15:18:47",HDFCBANK,1239800,1879.55
279478,"2018-02-08 15:18:46",MARUTI,445948,9041.5
279479,"2018-02-08 15:18:46",SBIN,17847808,301.9
279477,"2018-02-08 15:18:44",IDFCBANK,8407731,53.25
279476,"2018-02-08 15:18:43",INFY,4207973,1135
279475,"2018-02-08 15:18:42",HDFC,1731188,1811.6
279473,"2018-02-08 15:18:41",HDFCBANK,1239708,1879.05
279474,"2018-02-08 15:18:41",ITC,8942235,274.05
279469,"2018-02-08 15:18:39",MARUTI,445337,9030
279470,"2018-02-08 15:18:39",HDIL,8573553,52.65
279471,"2018-02-08 15:18:39",AXISBANK,5622402,568.65
279472,"2018-02-08 15:18:39",JINDALSTEL,15593383,266.2
279464,"2018-02-08 15:18:38",RELIANCE,5964261,904.3
279465,"2018-02-08 15:18:38",SBIN,17828966,302
279466,"2018-02-08 15:18:38",ICICIBANK,8877963,334.85
279467,"2018-02-08 15:18:38",LT,1832735,1346.85
279468,"2018-02-08 15:18:38",KOTAKBANK,1751366,1052.1
279461,"2018-02-08 15:18:36",SBIN,17817970,302
279462,"2018-02-08 15:18:36",RELIANCE,5951910,904.8
279463,"2018-02-08 15:18:36",HDIL,8541972,52.7
279460,"2018-02-08 15:18:35",AXISBANK,5620896,568.75
279458,"2018-02-08 15:18:34",HDFCBANK,1239187,1879.8
279459,"2018-02-08 15:18:34",HDFC,1729872,1812.45
279457,"2018-02-08 15:18:31",ICICIBANK,8876820,334.75
279456,"2018-02-08 15:18:27",ICICIBANK,8866194,335.05
279454,"2018-02-08 15:18:26",INFY,4196596,1135
279455,"2018-02-08 15:18:26",JINDALSTEL,15570230,266.5
279451,"2018-02-08 15:18:25",RELIANCE,5948953,904.8
279452,"2018-02-08 15:18:25",MARUTI,444479,9034.8
279453,"2018-02-08 15:18:25",ITC,8914131,274.2
279447,"2018-02-08 15:18:24",AXISBANK,5615379,568.65
279448,"2018-02-08 15:18:24",KOTAKBANK,1750521,1051.4
279449,"2018-02-08 15:18:24",SBIN,17803297,301.85
279450,"2018-02-08 15:18:24",IDFCBANK,8376221,53.25
279446,"2018-02-08 15:18:22",INFY,4195569,1134.9
279445,"2018-02-08 15:18:18",HDFCBANK,1238806,1879.1
279444,"2018-02-08 15:18:17",RELIANCE,5945460,904.85
279442,"2018-02-08 15:18:15",HDIL,8518188,52.75
279443,"2018-02-08 15:18:15",JINDALSTEL,15564349,266.4
279440,"2018-02-08 15:18:14",LT,1829069,1346.8
279441,"2018-02-08 15:18:14",AXISBANK,5613620,569
279436,"2018-02-08 15:18:13",MARUTI,444170,9035.05
279437,"2018-02-08 15:18:13",HDFC,1727459,1811.25
279438,"2018-02-08 15:18:13",ITC,8907826,274.05
279439,"2018-02-08 15:18:13",KOTAKBANK,1750190,1051.45
279435,"2018-02-08 15:18:12",SBIN,17789230,301.75
279434,"2018-02-08 15:18:10",HDFC,1725691,1812.3
279433,"2018-02-08 15:18:08",ICICIBANK,8846975,334.95
279432,"2018-02-08 15:18:07",KOTAKBANK,1749375,1051
279431,"2018-02-08 15:18:06",HDIL,8505504,52.7
279429,"2018-02-08 15:18:05",AXISBANK,5613336,569
279430,"2018-02-08 15:18:05",HDFCBANK,1238134,1879.95
279423,"2018-02-08 15:18:04",SBIN,17780162,301.6
279424,"2018-02-08 15:18:04",INFY,4192622,1135
279425,"2018-02-08 15:18:04",INFY,4192646,1135
279426,"2018-02-08 15:18:04",RELIANCE,5941676,904.9
279427,"2018-02-08 15:18:04",LT,1828283,1346.7
279428,"2018-02-08 15:18:04",MARUTI,443926,9035.45
279421,"2018-02-08 15:18:03",ICICIBANK,8845338,334.8
279422,"2018-02-08 15:18:03",SBIN,17770604,301.8
279419,"2018-02-08 15:18:02",KOTAKBANK,1749281,1051
279420,"2018-02-08 15:18:02",AXISBANK,5613317,568.9
279418,"2018-02-08 15:18:01",ITC,8901466,274.15
279414,"2018-02-08 15:17:58",LT,1827568,1346.95
279415,"2018-02-08 15:17:58",ITC,8897545,274.1
279416,"2018-02-08 15:17:58",HDIL,8499274,52.7
279417,"2018-02-08 15:17:58",JINDALSTEL,15556751,266.15
279412,"2018-02-08 15:17:57",KOTAKBANK,1749116,1050.7
279413,"2018-02-08 15:17:57",IDFCBANK,8352797,53.25
279406,"2018-02-08 15:17:56",HDFC,1725028,1811.95
279407,"2018-02-08 15:17:56",RELIANCE,5938128,904.9
279408,"2018-02-08 15:17:56",ICICIBANK,8844594,334.8
279409,"2018-02-08 15:17:56",AXISBANK,5613065,568.6
279410,"2018-02-08 15:17:56",MARUTI,443826,9036
279411,"2018-02-08 15:17:56",SBIN,17765003,301.8
279405,"2018-02-08 15:17:55",HDFCBANK,1238113,1879.95
279404,"2018-02-08 15:17:53",ITC,8892549,274
279403,"2018-02-08 15:17:51",HDIL,8494913,52.75
279402,"2018-02-08 15:17:50",ICICIBANK,8838354,334.9
279400,"2018-02-08 15:17:49",IDFCBANK,8343671,53.25
279401,"2018-02-08 15:17:49",JINDALSTEL,15547784,266.15
279395,"2018-02-08 15:17:48",KOTAKBANK,1747297,1051.85
279396,"2018-02-08 15:17:48",AXISBANK,5610814,568.9
279397,"2018-02-08 15:17:48",SBIN,17758251,301.85
279398,"2018-02-08 15:17:48",HDFC,1723566,1812.3
279399,"2018-02-08 15:17:48",INFY,4186388,1135
279393,"2018-02-08 15:17:47",LT,1823883,1347.25
279394,"2018-02-08 15:17:47",RELIANCE,5928392,904.9
279391,"2018-02-08 15:17:46",HDFCBANK,1238011,1880
279392,"2018-02-08 15:17:46",MARUTI,443588,9036.5
279390,"2018-02-08 15:17:45",HDIL,8491926,52.75
279389,"2018-02-08 15:17:44",JINDALSTEL,15545333,266.15
279388,"2018-02-08 15:17:42",ICICIBANK,8834111,334.75
279387,"2018-02-08 15:17:40",AXISBANK,5608771,568.95
279384,"2018-02-08 15:17:39",SBIN,17754924,301.9
279385,"2018-02-08 15:17:39",MARUTI,443475,9037.8
279386,"2018-02-08 15:17:39",INFY,4182231,1134.85
279379,"2018-02-08 15:17:38",RELIANCE,5925389,905
279380,"2018-02-08 15:17:38",KOTAKBANK,1746684,1052
279381,"2018-02-08 15:17:38",HDFCBANK,1237482,1879.95
279382,"2018-02-08 15:17:38",ITC,8885686,274.1
279383,"2018-02-08 15:17:38",IDFCBANK,8341733,53.25
279378,"2018-02-08 15:17:36",MARUTI,443339,9038.05
279376,"2018-02-08 15:17:33",RELIANCE,5922640,904.9
279377,"2018-02-08 15:17:33",JINDALSTEL,15543582,266.35
279374,"2018-02-08 15:17:32",KOTAKBANK,1745718,1052.75
279375,"2018-02-08 15:17:32",HDIL,8486790,52.75
279372,"2018-02-08 15:17:31",ICICIBANK,8820244,334.95
279373,"2018-02-08 15:17:31",SBIN,17733552,301.95
279368,"2018-02-08 15:17:30",ITC,8883038,274.1
279369,"2018-02-08 15:17:30",INFY,4181213,1134.9
279370,"2018-02-08 15:17:30",LT,1822652,1347.6
279371,"2018-02-08 15:17:30",HDFC,1719695,1812.3
279366,"2018-02-08 15:17:29",IDFCBANK,8338668,53.3
279367,"2018-02-08 15:17:29",AXISBANK,5607138,569.05
279365,"2018-02-08 15:17:27",MARUTI,442968,9040
279362,"2018-02-08 15:17:24",IDFCBANK,8337661,53.25
279363,"2018-02-08 15:17:24",LT,1822307,1346.95
279364,"2018-02-08 15:17:24",JINDALSTEL,15532906,266.2
279361,"2018-02-08 15:17:23",ITC,8879943,274
279358,"2018-02-08 15:17:22",KOTAKBANK,1744694,1052.4
279359,"2018-02-08 15:17:22",HDIL,8483661,52.7
279360,"2018-02-08 15:17:22",AXISBANK,5605646,568.55
279355,"2018-02-08 15:17:21",SBIN,17729477,301.85
279356,"2018-02-08 15:17:21",HDFCBANK,1237060,1880
279357,"2018-02-08 15:17:21",RELIANCE,5919998,904.85
279353,"2018-02-08 15:17:20",ICICIBANK,8809447,334.9
279354,"2018-02-08 15:17:20",HDFC,1718849,1811.9
279352,"2018-02-08 15:17:19",LT,1821980,1346.8
279349,"2018-02-08 15:17:15",MARUTI,442705,9034.05
279350,"2018-02-08 15:17:15",JINDALSTEL,15525043,266.15
279351,"2018-02-08 15:17:15",IDFCBANK,8337621,53.3
279346,"2018-02-08 15:17:14",RELIANCE,5910754,904.25
279347,"2018-02-08 15:17:14",HDFCBANK,1236937,1880
279348,"2018-02-08 15:17:14",ITC,8878471,274
279344,"2018-02-08 15:17:13",HDIL,8473611,52.7
279345,"2018-02-08 15:17:13",ICICIBANK,8807683,334.8
279339,"2018-02-08 15:17:12",AXISBANK,5604877,568.7
279340,"2018-02-08 15:17:12",INFY,4171405,1135.2
279341,"2018-02-08 15:17:12",SBIN,17714062,301.85
279342,"2018-02-08 15:17:12",KOTAKBANK,1744161,1052.95
279343,"2018-02-08 15:17:12",HDFC,1717514,1811.6
279337,"2018-02-08 15:17:11",JINDALSTEL,15520324,266
279338,"2018-02-08 15:17:11",MARUTI,441698,9039.6
279334,"2018-02-08 15:17:07",HDFCBANK,1236639,1880
279335,"2018-02-08 15:17:07",HDFC,1715757,1810.7
279336,"2018-02-08 15:17:07",KOTAKBANK,1743559,1052.5
279332,"2018-02-08 15:17:06",HDIL,8468010,52.7
279333,"2018-02-08 15:17:06",RELIANCE,5901085,904
279331,"2018-02-08 15:17:05",LT,1820745,1346.7
279326,"2018-02-08 15:17:04",IDFCBANK,8310550,53.2
279327,"2018-02-08 15:17:04",ICICIBANK,8806490,334.85
279328,"2018-02-08 15:17:04",INFY,4166876,1135.45
279329,"2018-02-08 15:17:04",ICICIBANK,8802009,334.7
279330,"2018-02-08 15:17:04",ICICIBANK,8806490,334.85
279324,"2018-02-08 15:17:03",ITC,8869366,274
279325,"2018-02-08 15:17:03",AXISBANK,5603113,568.95
279322,"2018-02-08 15:17:00",ICICIBANK,8802009,334.7
279323,"2018-02-08 15:17:00",RELIANCE,5896886,903.75
279321,"2018-02-08 15:16:59",HDFC,1714473,1810
279320,"2018-02-08 15:16:58",HDFCBANK,1236591,1880
279317,"2018-02-08 15:16:57",JINDALSTEL,15514219,266
279318,"2018-02-08 15:16:57",KOTAKBANK,1742814,1052.65
279319,"2018-02-08 15:16:57",INFY,4164593,1135.45
279314,"2018-02-08 15:16:56",ITC,8867206,274.1
279315,"2018-02-08 15:16:56",HDIL,8461888,52.7
279316,"2018-02-08 15:16:56",SBIN,17696339,301.8
279311,"2018-02-08 15:16:55",AXISBANK,5601729,568.9
279312,"2018-02-08 15:16:55",IDFCBANK,8303252,53.15
279313,"2018-02-08 15:16:55",LT,1819889,1346.15
279310,"2018-02-08 15:16:54",MARUTI,440311,9030.55
279308,"2018-02-08 15:16:53",INFY,4163018,1135.1
279309,"2018-02-08 15:16:53",KOTAKBANK,1742129,1052.45
279304,"2018-02-08 15:16:50",IDFCBANK,8279049,53.2
279305,"2018-02-08 15:16:50",HDFCBANK,1236476,1880.7
279306,"2018-02-08 15:16:50",ICICIBANK,8797989,334.55
279307,"2018-02-08 15:16:50",HDIL,8457007,52.65
279303,"2018-02-08 15:16:49",ITC,8862381,274
279301,"2018-02-08 15:16:48",RELIANCE,5890673,903.75
279302,"2018-02-08 15:16:48",HDFC,1713475,1810.15
279296,"2018-02-08 15:16:47",IDFCBANK,8279049,53.2
279297,"2018-02-08 15:16:47",IDFCBANK,8276107,53.2
279298,"2018-02-08 15:16:47",AXISBANK,5598584,568.9
279299,"2018-02-08 15:16:47",JINDALSTEL,15509716,265.95
279300,"2018-02-08 15:16:47",SBIN,17676423,301.85
279295,"2018-02-08 15:16:43",ITC,8853168,274.2
279293,"2018-02-08 15:16:42",SBIN,17664056,301.85
279294,"2018-02-08 15:16:42",HDIL,8455163,52.65
279290,"2018-02-08 15:16:41",IDFCBANK,8276107,53.2
279291,"2018-02-08 15:16:41",ICICIBANK,8791856,334.55
279292,"2018-02-08 15:16:41",LT,1817760,1346.75
279288,"2018-02-08 15:16:40",HDFC,1711174,1809.8
279289,"2018-02-08 15:16:40",KOTAKBANK,1741169,1052.6
279284,"2018-02-08 15:16:39",RELIANCE,5889552,903.6
279285,"2018-02-08 15:16:39",AXISBANK,5595391,569
279286,"2018-02-08 15:16:39",HDFCBANK,1236187,1879.9
279287,"2018-02-08 15:16:39",MARUTI,439651,9035.25
279282,"2018-02-08 15:16:38",JINDALSTEL,15501728,266
279283,"2018-02-08 15:16:38",INFY,4155638,1136.95
279281,"2018-02-08 15:16:37",HDFC,1709552,1810.2
279280,"2018-02-08 15:16:35",JINDALSTEL,15497255,266.2
279278,"2018-02-08 15:16:34",IDFCBANK,8227354,53.15
279279,"2018-02-08 15:16:34",SBIN,17621320,301.75
279276,"2018-02-08 15:16:32",INFY,4151925,1136.7
279277,"2018-02-08 15:16:32",HDFCBANK,1234912,1880.1
279273,"2018-02-08 15:16:31",MARUTI,439559,9038.85
279274,"2018-02-08 15:16:31",ITC,8850197,274.05
279275,"2018-02-08 15:16:31",KOTAKBANK,1739495,1053
279269,"2018-02-08 15:16:30",ICICIBANK,8779914,334.5
279270,"2018-02-08 15:16:30",LT,1815721,1347.5
279271,"2018-02-08 15:16:30",RELIANCE,5876548,904.45
279272,"2018-02-08 15:16:30",HDIL,8451179,52.7
279267,"2018-02-08 15:16:29",HDFC,1705589,1809.7
279268,"2018-02-08 15:16:29",AXISBANK,5589332,568.5
279266,"2018-02-08 15:16:26",IDFCBANK,8219303,53.15
279264,"2018-02-08 15:16:24",INFY,4149168,1136.8
279265,"2018-02-08 15:16:24",MARUTI,438898,9039.6
279263,"2018-02-08 15:16:23",AXISBANK,5577750,568.4
279259,"2018-02-08 15:16:22",ITC,8839666,274.2
279260,"2018-02-08 15:16:22",KOTAKBANK,1739054,1052.95
279261,"2018-02-08 15:16:22",HDIL,8440919,52.8
279262,"2018-02-08 15:16:22",SBIN,17610460,301.8
279257,"2018-02-08 15:16:21",RELIANCE,5868435,904.65
279258,"2018-02-08 15:16:21",ICICIBANK,8774216,334.7
279256,"2018-02-08 15:16:19",KOTAKBANK,1736278,1053.25
279255,"2018-02-08 15:16:18",ITC,8832215,274.35
279253,"2018-02-08 15:16:16",HDIL,8427217,52.7
279254,"2018-02-08 15:16:16",JINDALSTEL,15470902,266.15
279249,"2018-02-08 15:16:15",AXISBANK,5576122,568.65
279250,"2018-02-08 15:16:15",RELIANCE,5861696,905
279251,"2018-02-08 15:16:15",IDFCBANK,8214021,53.2
279252,"2018-02-08 15:16:15",MARUTI,438398,9040
279248,"2018-02-08 15:16:14",SBIN,17577890,301.55
279243,"2018-02-08 15:16:13",ICICIBANK,8770027,334.65
279244,"2018-02-08 15:16:13",AXISBANK,5576122,568.65
279245,"2018-02-08 15:16:13",LT,1813951,1347.2
279246,"2018-02-08 15:16:13",AXISBANK,5573385,568.6
279247,"2018-02-08 15:16:13",HDFC,1703507,1809.7
279241,"2018-02-08 15:16:12",INFY,4146541,1135.95
279242,"2018-02-08 15:16:12",HDFCBANK,1231853,1880.9
279240,"2018-02-08 15:16:09",ITC,8814288,274.1
279237,"2018-02-08 15:16:08",MARUTI,437765,9035.75
279238,"2018-02-08 15:16:08",HDFC,1701649,1808.8
279239,"2018-02-08 15:16:08",LT,1812935,1346.85
279234,"2018-02-08 15:16:07",AXISBANK,5573385,568.6
279235,"2018-02-08 15:16:07",INFY,4142492,1135.95
279236,"2018-02-08 15:16:07",HDFCBANK,1231345,1880.65
279233,"2018-02-08 15:16:06",KOTAKBANK,1735461,1054
279230,"2018-02-08 15:16:05",HDIL,8411646,52.85
279231,"2018-02-08 15:16:05",IDFCBANK,8211997,53.15
279232,"2018-02-08 15:16:05",JINDALSTEL,15446801,265.85
279227,"2018-02-08 15:16:04",SBIN,17567402,301.7
279228,"2018-02-08 15:16:04",ICICIBANK,8766599,334.6
279229,"2018-02-08 15:16:04",RELIANCE,5855864,904.9
279226,"2018-02-08 15:16:02",ITC,8796908,274.2
279225,"2018-02-08 15:16:00",LT,1808446,1346.55
279223,"2018-02-08 15:15:59",HDIL,8206942,52.65
279224,"2018-02-08 15:15:59",HDFC,1699536,1810.3
279220,"2018-02-08 15:15:58",INFY,4133554,1135
279221,"2018-02-08 15:15:58",MARUTI,437052,9039.5
279222,"2018-02-08 15:15:58",SBIN,17518536,301.5
279216,"2018-02-08 15:15:57",JINDALSTEL,15433240,265.45
279217,"2018-02-08 15:15:57",KOTAKBANK,1734537,1053.75
279218,"2018-02-08 15:15:57",AXISBANK,5569327,568.65
279219,"2018-02-08 15:15:57",IDFCBANK,8209988,53.15
279212,"2018-02-08 15:15:56",AXISBANK,5563002,568.1
279213,"2018-02-08 15:15:56",HDFCBANK,1230081,1880.8
279214,"2018-02-08 15:15:56",ICICIBANK,8741728,334.45
279215,"2018-02-08 15:15:56",RELIANCE,5853406,904.9
279211,"2018-02-08 15:15:52",HDIL,8199622,52.6
279210,"2018-02-08 15:15:50",SBIN,17498374,301.45
279207,"2018-02-08 15:15:49",ICICIBANK,8728548,334.2
279208,"2018-02-08 15:15:49",KOTAKBANK,1731890,1053.95
279209,"2018-02-08 15:15:49",HDFCBANK,1229753,1880.05
279206,"2018-02-08 15:15:48",ITC,8786291,274.05
279204,"2018-02-08 15:15:47",MARUTI,435950,9040
279205,"2018-02-08 15:15:47",AXISBANK,5559579,568.3
279198,"2018-02-08 15:15:46",INFY,4125131,1135.05
279199,"2018-02-08 15:15:46",IDFCBANK,8198671,53.15
279200,"2018-02-08 15:15:46",HDFC,1697893,1809.15
279201,"2018-02-08 15:15:46",RELIANCE,5844697,904.95
279202,"2018-02-08 15:15:46",JINDALSTEL,15423181,265.4
279203,"2018-02-08 15:15:46",LT,1805947,1347.6
279197,"2018-02-08 15:15:44",LT,1803565,1347.05
279196,"2018-02-08 15:15:43",JINDALSTEL,15417268,265.6
279191,"2018-02-08 15:15:42",ITC,8773709,274.2
279192,"2018-02-08 15:15:42",SBIN,17471468,301.5
279193,"2018-02-08 15:15:42",HDFCBANK,1229591,1881.35
279194,"2018-02-08 15:15:42",ICICIBANK,8713944,334.35
279195,"2018-02-08 15:15:42",KOTAKBANK,1731459,1053.75
279188,"2018-02-08 15:15:41",AXISBANK,5555899,568.6
279189,"2018-02-08 15:15:41",IDFCBANK,8181511,53.15
279190,"2018-02-08 15:15:41",RELIANCE,5838179,905
279186,"2018-02-08 15:15:39",HDFCBANK,1227890,1880.85
279187,"2018-02-08 15:15:39",HDIL,8194685,52.6
279184,"2018-02-08 15:15:36",JINDALSTEL,15406661,265.15
279185,"2018-02-08 15:15:36",HDFC,1691298,1810.05
279183,"2018-02-08 15:15:35",INFY,4117181,1135.2
279182,"2018-02-08 15:15:34",RELIANCE,5822925,905
279180,"2018-02-08 15:15:33",SBIN,17394861,301.35
279181,"2018-02-08 15:15:33",LT,1799665,1346.95
279178,"2018-02-08 15:15:32",AXISBANK,5541733,568.25
279179,"2018-02-08 15:15:32",ITC,8764521,274.15
279177,"2018-02-08 15:15:30",ICICIBANK,8661760,334.8
279176,"2018-02-08 15:15:29",MARUTI,433712,9045.95
279175,"2018-02-08 15:15:28",AXISBANK,5540089,568.45
279171,"2018-02-08 15:15:27",SBIN,17378906,301.25
279172,"2018-02-08 15:15:27",HDIL,8177902,52.65
279173,"2018-02-08 15:15:27",HDFC,1689751,1810
279174,"2018-02-08 15:15:27",KOTAKBANK,1729470,1053.4
279170,"2018-02-08 15:15:24",LT,1799005,1346.65
279167,"2018-02-08 15:15:23",JINDALSTEL,15399235,265.35
279168,"2018-02-08 15:15:23",JINDALSTEL,15387300,265.65
279169,"2018-02-08 15:15:23",IDFCBANK,8161765,53.2
279166,"2018-02-08 15:15:21",HDFC,1688193,1811.8
279162,"2018-02-08 15:15:15",JINDALSTEL,15387300,265.65
279163,"2018-02-08 15:15:15",HDFCBANK,1227123,1880.85
279164,"2018-02-08 15:15:15",IDFCBANK,8156884,53.2
279165,"2018-02-08 15:15:15",SBIN,17368010,301.2
279160,"2018-02-08 15:15:14",HDIL,8171857,52.65
279161,"2018-02-08 15:15:14",LT,1796335,1346.85
279156,"2018-02-08 15:15:13",ITC,8752951,274.2
279157,"2018-02-08 15:15:13",INFY,4109053,1135.35
279158,"2018-02-08 15:15:13",RELIANCE,5806509,905
279159,"2018-02-08 15:15:13",AXISBANK,5536485,568.55
279154,"2018-02-08 15:15:12",MARUTI,433336,9045
279155,"2018-02-08 15:15:12",ICICIBANK,8651501,334.85
279152,"2018-02-08 15:15:09",ITC,8738969,274.25
279153,"2018-02-08 15:15:09",JINDALSTEL,15367656,265.45
279151,"2018-02-08 15:15:08",ICICIBANK,8649090,334.9
279150,"2018-02-08 15:15:07",IDFCBANK,8149796,53.2
279148,"2018-02-08 15:15:06",LT,1795712,1347.65
279149,"2018-02-08 15:15:06",HDIL,8156667,52.7
279146,"2018-02-08 15:15:05",AXISBANK,5535717,568.45
279147,"2018-02-08 15:15:05",KOTAKBANK,1726996,1055.95
279143,"2018-02-08 15:15:04",RELIANCE,5796689,905.05
279144,"2018-02-08 15:15:04",HDFC,1684909,1813.45
279145,"2018-02-08 15:15:04",MARUTI,433014,9043.35
279139,"2018-02-08 15:15:03",IDFCBANK,8136748,53.15
279140,"2018-02-08 15:15:03",INFY,4105825,1135.35
279141,"2018-02-08 15:15:03",SBIN,17346258,301.2
279142,"2018-02-08 15:15:03",HDFCBANK,1227014,1880.7
279138,"2018-02-08 15:15:02",HDFC,1683459,1813.45
279137,"2018-02-08 15:15:01",INFY,4102743,1135.4
279135,"2018-02-08 15:15:00",ITC,8734155,274.35
279136,"2018-02-08 15:15:00",HDIL,8134065,52.7
279134,"2018-02-08 15:14:59",SBIN,17343839,301.2
279133,"2018-02-08 15:14:58",RELIANCE,5794746,905.05
279131,"2018-02-08 15:14:57",KOTAKBANK,1724393,1055.95
279132,"2018-02-08 15:14:57",JINDALSTEL,15365947,265.55
279129,"2018-02-08 15:14:56",LT,1793836,1348.4
279130,"2018-02-08 15:14:56",HDFCBANK,1226997,1880.7
279128,"2018-02-08 15:14:55",AXISBANK,5533114,568.45
279127,"2018-02-08 15:14:53",SBIN,17333660,301.1
279125,"2018-02-08 15:14:52",JINDALSTEL,15359499,265.65
279126,"2018-02-08 15:14:52",HDIL,8114769,52.65
279124,"2018-02-08 15:14:51",LT,1793283,1348
279122,"2018-02-08 15:14:50",HDFC,1682452,1813.45
279123,"2018-02-08 15:14:50",AXISBANK,5532729,568.6
279121,"2018-02-08 15:14:49",RELIANCE,5792838,905
279119,"2018-02-08 15:14:48",INFY,4101224,1135.4
279120,"2018-02-08 15:14:48",KOTAKBANK,1719189,1054.8
279117,"2018-02-08 15:14:47",IDFCBANK,8130723,53.15
279118,"2018-02-08 15:14:47",HDFCBANK,1226900,1880.7
279115,"2018-02-08 15:14:42",HDFCBANK,1226858,1880.6
279116,"2018-02-08 15:14:42",MARUTI,432179,9039.95
279112,"2018-02-08 15:14:40",LT,1792331,1347.95
279113,"2018-02-08 15:14:40",RELIANCE,5790029,905.05
279114,"2018-02-08 15:14:40",KOTAKBANK,1718564,1054.6
279109,"2018-02-08 15:14:39",ICICIBANK,8640245,334.6
279110,"2018-02-08 15:14:39",HDFC,1681596,1813.9
279111,"2018-02-08 15:14:39",SBIN,17322744,301.15
279104,"2018-02-08 15:14:38",HDIL,8069956,52.55
279105,"2018-02-08 15:14:38",INFY,4096771,1135.4
279106,"2018-02-08 15:14:38",JINDALSTEL,15354626,265.6
279107,"2018-02-08 15:14:38",ITC,8726291,274.3
279108,"2018-02-08 15:14:38",AXISBANK,5532669,568.75
279100,"2018-02-08 15:14:36",HDFC,1681101,1812.85
279101,"2018-02-08 15:14:36",HDFCBANK,1226652,1881
279102,"2018-02-08 15:14:36",RELIANCE,5788999,905.05
279103,"2018-02-08 15:14:36",SBIN,17318113,301.15
279099,"2018-02-08 15:14:34",LT,1790907,1347.7
279097,"2018-02-08 15:14:33",JINDALSTEL,15351286,265.55
279098,"2018-02-08 15:14:33",AXISBANK,5528343,568.9
279095,"2018-02-08 15:14:32",HDIL,8018139,52.45
279096,"2018-02-08 15:14:32",ICICIBANK,8633612,334.7
279092,"2018-02-08 15:14:31",INFY,4095605,1135.4
279093,"2018-02-08 15:14:31",MARUTI,431875,9039.95
279094,"2018-02-08 15:14:31",IDFCBANK,8109438,53.15
279091,"2018-02-08 15:14:29",IDFCBANK,8108898,53.2
279089,"2018-02-08 15:14:25",ICICIBANK,8628218,334.75
279090,"2018-02-08 15:14:25",KOTAKBANK,1715030,1052.85
279088,"2018-02-08 15:14:24",SBIN,17315132,301.2
279085,"2018-02-08 15:14:23",JINDALSTEL,15346275,265.55
279086,"2018-02-08 15:14:23",HDFC,1679098,1812.8
279087,"2018-02-08 15:14:23",MARUTI,431556,9038.05
279082,"2018-02-08 15:14:22",LT,1790339,1346.45
279083,"2018-02-08 15:14:22",HDFCBANK,1226634,1880.75
279084,"2018-02-08 15:14:22",ITC,8715210,274.3
279079,"2018-02-08 15:14:21",AXISBANK,5526644,568.65
279080,"2018-02-08 15:14:21",INFY,4092248,1135.15
279081,"2018-02-08 15:14:21",RELIANCE,5785443,905.05
279078,"2018-02-08 15:14:19",INFY,4089471,1135.15
279075,"2018-02-08 15:14:16",LT,1789786,1346.25
279076,"2018-02-08 15:14:16",HDFCBANK,1226536,1880.7
279077,"2018-02-08 15:14:16",IDFCBANK,8107721,53.15
279074,"2018-02-08 15:14:15",HDIL,8012402,52.45
279072,"2018-02-08 15:14:14",MARUTI,431349,9038
279073,"2018-02-08 15:14:14",KOTAKBANK,1714052,1052.4
279065,"2018-02-08 15:14:13",JINDALSTEL,15343220,265.6
279066,"2018-02-08 15:14:13",HDFC,1678050,1813
279067,"2018-02-08 15:14:13",ICICIBANK,8616130,334.85
279068,"2018-02-08 15:14:13",ITC,8705476,274.1
279069,"2018-02-08 15:14:13",SBIN,17311650,301
279070,"2018-02-08 15:14:13",AXISBANK,5522940,568.25
279071,"2018-02-08 15:14:13",RELIANCE,5772918,905.15
279064,"2018-02-08 15:14:10",ITC,8703838,274.05
279063,"2018-02-08 15:14:09",HDFCBANK,1226414,1880.35
279061,"2018-02-08 15:14:08",SBIN,17304439,301.2
279062,"2018-02-08 15:14:08",JINDALSTEL,15341223,265.55
279059,"2018-02-08 15:14:07",IDFCBANK,8088481,53.15
279060,"2018-02-08 15:14:07",ICICIBANK,8607912,334.75
279058,"2018-02-08 15:14:06",HDIL,8012387,52.5
279053,"2018-02-08 15:14:05",HDFC,1677515,1812.65
279054,"2018-02-08 15:14:05",LT,1789381,1346.5
279055,"2018-02-08 15:14:05",AXISBANK,5522300,568.35
279056,"2018-02-08 15:14:05",MARUTI,430935,9040
279057,"2018-02-08 15:14:05",RELIANCE,5772449,905.3
279049,"2018-02-08 15:14:04",AXISBANK,5522300,568.35
279050,"2018-02-08 15:14:04",AXISBANK,5522283,568.35
279051,"2018-02-08 15:14:04",INFY,4086886,1135.15
279052,"2018-02-08 15:14:04",KOTAKBANK,1713421,1052
279047,"2018-02-08 15:14:03",ICICIBANK,8606618,334.7
279048,"2018-02-08 15:14:03",AXISBANK,5522283,568.35
279044,"2018-02-08 15:14:02",HDFC,1676682,1812.75
279045,"2018-02-08 15:14:02",MARUTI,430844,9040
279046,"2018-02-08 15:14:02",KOTAKBANK,1712460,1051.8
279041,"2018-02-08 15:14:01",ITC,8698607,274
279042,"2018-02-08 15:14:01",INFY,4082634,1135.1
279043,"2018-02-08 15:14:01",HDFCBANK,1226363,1880.35
279039,"2018-02-08 15:13:59",HDFC,1676093,1813.05
279040,"2018-02-08 15:13:59",HDIL,8011835,52.5
279038,"2018-02-08 15:13:58",AXISBANK,5521611,568
279037,"2018-02-08 15:13:57",IDFCBANK,8083445,53.2
279030,"2018-02-08 15:13:56",JINDALSTEL,15336126,265.7
279031,"2018-02-08 15:13:56",ICICIBANK,8604185,334.75
279032,"2018-02-08 15:13:56",KOTAKBANK,1712205,1051.8
279033,"2018-02-08 15:13:56",INFY,4081345,1135.15
279034,"2018-02-08 15:13:56",MARUTI,430523,9040
279035,"2018-02-08 15:13:56",SBIN,17298558,301
279036,"2018-02-08 15:13:56",LT,1789084,1346.45
279029,"2018-02-08 15:13:52",ITC,8694353,274.05
279027,"2018-02-08 15:13:51",RELIANCE,5764694,905.05
279028,"2018-02-08 15:13:51",JINDALSTEL,15335594,265.55
279026,"2018-02-08 15:13:49",KOTAKBANK,1711440,1051.6
279025,"2018-02-08 15:13:48",HDFCBANK,1223962,1880.9
279022,"2018-02-08 15:13:47",LT,1788567,1345.45
279023,"2018-02-08 15:13:47",AXISBANK,5516745,568.15
279024,"2018-02-08 15:13:47",HDIL,8007568,52.4
279018,"2018-02-08 15:13:46",ICICIBANK,8596615,334.9
279019,"2018-02-08 15:13:46",HDFC,1675203,1812.7
279020,"2018-02-08 15:13:46",IDFCBANK,8080349,53.25
279021,"2018-02-08 15:13:46",SBIN,17275513,301.15
279017,"2018-02-08 15:13:45",INFY,4078661,1135.1
279016,"2018-02-08 15:13:44",ICICIBANK,8587552,334.95
279015,"2018-02-08 15:13:42",HDFCBANK,1222410,1880.9
279013,"2018-02-08 15:13:41",JINDALSTEL,15331640,265.6
279014,"2018-02-08 15:13:41",SBIN,17268841,301.25
279012,"2018-02-08 15:13:40",RELIANCE,5762719,905.05
279009,"2018-02-08 15:13:39",HDFC,1673681,1812.6
279010,"2018-02-08 15:13:39",LT,1788166,1345.6
279011,"2018-02-08 15:13:39",MARUTI,429503,9040
279005,"2018-02-08 15:13:38",HDIL,8005874,52.4
279006,"2018-02-08 15:13:38",IDFCBANK,8052807,53.25
279007,"2018-02-08 15:13:38",INFY,4076328,1135.05
279008,"2018-02-08 15:13:38",KOTAKBANK,1710819,1051.6
279003,"2018-02-08 15:13:37",AXISBANK,5516024,568.25
279004,"2018-02-08 15:13:37",ITC,8686382,274.05
279002,"2018-02-08 15:13:36",HDFC,1672425,1812.65
279001,"2018-02-08 15:13:35",ITC,8683455,274.05
279000,"2018-02-08 15:13:34",MARUTI,428729,9041.9
278998,"2018-02-08 15:13:32",SBIN,17247599,301.35
278999,"2018-02-08 15:13:32",LT,1787792,1345.6
278995,"2018-02-08 15:13:31",INFY,4073715,1135.35
278996,"2018-02-08 15:13:31",ICICIBANK,8583446,335
278997,"2018-02-08 15:13:31",HDFCBANK,1221583,1880.6
278991,"2018-02-08 15:13:30",HDIL,7981370,52.45
278992,"2018-02-08 15:13:30",JINDALSTEL,15329235,265.7
278993,"2018-02-08 15:13:30",RELIANCE,5758862,905.05
278994,"2018-02-08 15:13:30",AXISBANK,5513745,568.3
278989,"2018-02-08 15:13:29",KOTAKBANK,1707191,1052
278990,"2018-02-08 15:13:29",IDFCBANK,8050012,53.25
278988,"2018-02-08 15:13:28",RELIANCE,5757415,905.05
278987,"2018-02-08 15:13:27",HDFCBANK,1221572,1881.45
278985,"2018-02-08 15:13:26",ICICIBANK,8577723,335.05
278986,"2018-02-08 15:13:26",HDIL,7957138,52.5
278984,"2018-02-08 15:13:25",IDFCBANK,8039868,53.2
278982,"2018-02-08 15:13:23",HDFC,1671159,1812.6
278983,"2018-02-08 15:13:23",SBIN,17242850,301.35
278979,"2018-02-08 15:13:22",LT,1786390,1346.3
278980,"2018-02-08 15:13:22",MARUTI,428655,9041.15
278981,"2018-02-08 15:13:22",KOTAKBANK,1706542,1052
278977,"2018-02-08 15:13:21",ITC,8679438,274.1
278978,"2018-02-08 15:13:21",AXISBANK,5512887,568.55
278974,"2018-02-08 15:13:20",HDIL,7954838,52.45
278975,"2018-02-08 15:13:20",JINDALSTEL,15327542,265.65
278976,"2018-02-08 15:13:20",INFY,4067048,1135.5
278973,"2018-02-08 15:13:17",ICICIBANK,8560229,334.85
278971,"2018-02-08 15:13:15",AXISBANK,5510132,568.9
278972,"2018-02-08 15:13:15",RELIANCE,5754271,905
278966,"2018-02-08 15:13:14",ITC,8672500,274.1
278967,"2018-02-08 15:13:14",MARUTI,428523,9040.9
278968,"2018-02-08 15:13:14",INFY,4065879,1135.55
278969,"2018-02-08 15:13:14",HDFC,1670566,1812.25
278970,"2018-02-08 15:13:14",LT,1785646,1346.8
278963,"2018-02-08 15:13:13",HDFCBANK,1221463,1881.5
278964,"2018-02-08 15:13:13",KOTAKBANK,1705861,1052.1
278965,"2018-02-08 15:13:13",JINDALSTEL,15324771,265.75
278962,"2018-02-08 15:13:12",IDFCBANK,8030370,53.2
278960,"2018-02-08 15:13:10",SBIN,17224925,301.45
278961,"2018-02-08 15:13:10",INFY,4065314,1135.55
278959,"2018-02-08 15:13:09",HDFCBANK,1221432,1881.6
278958,"2018-02-08 15:13:08",LT,1783318,1347.05
278954,"2018-02-08 15:13:06",JINDALSTEL,15324579,265.65
278955,"2018-02-08 15:13:06",AXISBANK,5509241,568.95
278956,"2018-02-08 15:13:06",HDIL,7953743,52.45
278957,"2018-02-08 15:13:06",HDFC,1669345,1813.2
278952,"2018-02-08 15:13:05",KOTAKBANK,1705555,1052.1
278953,"2018-02-08 15:13:05",RELIANCE,5752646,904.9
278950,"2018-02-08 15:13:04",IDFCBANK,8024719,53.25
278951,"2018-02-08 15:13:04",ICICIBANK,8558153,334.95
278949,"2018-02-08 15:13:03",MARUTI,428106,9040
278947,"2018-02-08 15:13:02",HDFCBANK,1221242,1881.55
278948,"2018-02-08 15:13:02",HDFC,1667260,1813.75
278946,"2018-02-08 15:13:00",MARUTI,427714,9037.4
278945,"2018-02-08 15:12:59",RELIANCE,5743734,904.95
278941,"2018-02-08 15:12:58",KOTAKBANK,1704290,1052.1
278942,"2018-02-08 15:12:58",IDFCBANK,8001046,53.25
278943,"2018-02-08 15:12:58",HDIL,7949440,52.5
278944,"2018-02-08 15:12:58",JINDALSTEL,15320044,265.75
278937,"2018-02-08 15:12:56",ITC,8663312,274.2
278938,"2018-02-08 15:12:56",AXISBANK,5508361,569.2
278939,"2018-02-08 15:12:56",IDFCBANK,7999012,53.25
278940,"2018-02-08 15:12:56",ICICIBANK,8552242,334.95
278936,"2018-02-08 15:12:55",SBIN,17201553,301.45
278935,"2018-02-08 15:12:54",HDIL,7949340,52.45
278934,"2018-02-08 15:12:51",KOTAKBANK,1703784,1051.95
278931,"2018-02-08 15:12:48",INFY,4063679,1135.7
278932,"2018-02-08 15:12:48",JINDALSTEL,15319385,265.45
278933,"2018-02-08 15:12:48",ITC,8662578,274.15
278926,"2018-02-08 15:12:47",RELIANCE,5744725,904.9
278927,"2018-02-08 15:12:47",MARUTI,427718,9037.4
278928,"2018-02-08 15:12:47",ICICIBANK,8552272,334.9
278929,"2018-02-08 15:12:47",LT,1782310,1347.05
278930,"2018-02-08 15:12:47",SBIN,17202353,301.45
278923,"2018-02-08 15:12:46",RELIANCE,5742633,905
278924,"2018-02-08 15:12:46",AXISBANK,5508353,569.2
278925,"2018-02-08 15:12:46",HDFC,1667119,1813.25
278921,"2018-02-08 15:12:42",LT,1782014,1347.2
278922,"2018-02-08 15:12:42",ICICIBANK,8548621,334.95
278917,"2018-02-08 15:12:41",HDFC,1664167,1813.5
278918,"2018-02-08 15:12:41",IDFCBANK,7996667,53.25
278919,"2018-02-08 15:12:41",MARUTI,427495,9036.9
278920,"2018-02-08 15:12:41",HDFCBANK,1220848,1881.5
278914,"2018-02-08 15:12:40",HDIL,7944697,52.5
278915,"2018-02-08 15:12:40",INFY,4056979,1135.65
278916,"2018-02-08 15:12:40",JINDALSTEL,15306789,265.7
278912,"2018-02-08 15:12:39",SBIN,17196949,301.55
278913,"2018-02-08 15:12:39",KOTAKBANK,1703107,1051.85
278910,"2018-02-08 15:12:38",AXISBANK,5504995,569.45
278911,"2018-02-08 15:12:38",ITC,8657780,274.1
278909,"2018-02-08 15:12:37",SBIN,17185731,301.55
278907,"2018-02-08 15:12:35",KOTAKBANK,1700621,1052.5
278908,"2018-02-08 15:12:35",ITC,8652871,274.25
278906,"2018-02-08 15:12:34",MARUTI,427338,9037.4
278904,"2018-02-08 15:12:32",JINDALSTEL,15302850,265.95
278905,"2018-02-08 15:12:32",LT,1781448,1347.65
278900,"2018-02-08 15:12:31",INFY,4055105,1135.5
278901,"2018-02-08 15:12:31",HDFCBANK,1220701,1881.6
278902,"2018-02-08 15:12:31",ICICIBANK,8542943,335
278903,"2018-02-08 15:12:31",IDFCBANK,7991271,53.35
278896,"2018-02-08 15:12:30",IDFCBANK,7980329,53.35
278897,"2018-02-08 15:12:30",AXISBANK,5503985,569.4
278898,"2018-02-08 15:12:30",HDFC,1662722,1813.25
278899,"2018-02-08 15:12:30",RELIANCE,5739252,905.05
278894,"2018-02-08 15:12:27",HDIL,7934565,52.5
278895,"2018-02-08 15:12:27",ITC,8648846,274.15
278893,"2018-02-08 15:12:26",HDFCBANK,1220328,1881
278892,"2018-02-08 15:12:25",ICICIBANK,8537361,335
278888,"2018-02-08 15:12:24",KOTAKBANK,1699584,1052.15
278889,"2018-02-08 15:12:24",JINDALSTEL,15300374,265.85
278890,"2018-02-08 15:12:24",SBIN,17174385,301.5
278891,"2018-02-08 15:12:24",AXISBANK,5501217,569.05
278886,"2018-02-08 15:12:23",LT,1779777,1347.3
278887,"2018-02-08 15:12:23",HDFC,1661190,1813.1
278884,"2018-02-08 15:12:22",RELIANCE,5732212,905.2
278885,"2018-02-08 15:12:22",RELIANCE,5734234,904.9
278883,"2018-02-08 15:12:19",ITC,8642004,274.35
278881,"2018-02-08 15:12:18",HDIL,7927565,52.45
278882,"2018-02-08 15:12:18",ICICIBANK,8528090,335.2
278880,"2018-02-08 15:12:17",JINDALSTEL,15293198,265.55
278879,"2018-02-08 15:12:16",INFY,4045867,1135
278875,"2018-02-08 15:12:14",AXISBANK,5498610,568.9
278876,"2018-02-08 15:12:14",IDFCBANK,7970443,53.3
278877,"2018-02-08 15:12:14",KOTAKBANK,1698884,1052
278878,"2018-02-08 15:12:14",HDFC,1660024,1813.8
278873,"2018-02-08 15:12:13",HDFCBANK,1220041,1881
278874,"2018-02-08 15:12:13",MARUTI,427074,9037.9
278872,"2018-02-08 15:12:12",ICICIBANK,8524843,335.1
278870,"2018-02-08 15:12:10",SBIN,17162082,301.5
278871,"2018-02-08 15:12:10",KOTAKBANK,1698393,1052
278869,"2018-02-08 15:12:09",HDFCBANK,1219680,1881.65
278868,"2018-02-08 15:12:08",INFY,4040713,1134.95
278866,"2018-02-08 15:12:07",RELIANCE,5725039,905
278867,"2018-02-08 15:12:07",HDFC,1659245,1813.95
278862,"2018-02-08 15:12:06",IDFCBANK,7963680,53.3
278863,"2018-02-08 15:12:06",LT,1775700,1347.3
278864,"2018-02-08 15:12:06",ITC,8639103,274.3
278865,"2018-02-08 15:12:06",HDIL,7925798,52.45
278861,"2018-02-08 15:12:05",JINDALSTEL,15277849,265.25
278859,"2018-02-08 15:12:04",AXISBANK,5498054,568.85
278860,"2018-02-08 15:12:04",INFY,4040580,1135
278855,"2018-02-08 15:12:03",AXISBANK,5496310,568.9
278856,"2018-02-08 15:12:03",JINDALSTEL,15277639,265.25
278857,"2018-02-08 15:12:03",RELIANCE,5722712,905
278858,"2018-02-08 15:12:03",KOTAKBANK,1698392,1052
278850,"2018-02-08 15:12:02",HDFC,1659182,1813.9
278851,"2018-02-08 15:12:02",LT,1775634,1347.3
278852,"2018-02-08 15:12:02",ICICIBANK,8524740,335.15
278853,"2018-02-08 15:12:02",ITC,8633698,274.35
278854,"2018-02-08 15:12:02",MARUTI,426903,9031.85
278849,"2018-02-08 15:12:01",HDIL,7925558,52.45
278848,"2018-02-08 15:12:00",ICICIBANK,8517341,335.15
278844,"2018-02-08 15:11:59",KOTAKBANK,1697578,1052.45
278845,"2018-02-08 15:11:59",JINDALSTEL,15223248,265.75
278846,"2018-02-08 15:11:59",IDFCBANK,7963472,53.3
278847,"2018-02-08 15:11:59",HDFC,1658261,1813.1
278839,"2018-02-08 15:11:58",RELIANCE,5720516,904.95
278840,"2018-02-08 15:11:58",HDFCBANK,1219670,1881
278841,"2018-02-08 15:11:58",SBIN,17155322,301.5
278842,"2018-02-08 15:11:58",MARUTI,426891,9033
278843,"2018-02-08 15:11:58",AXISBANK,5494617,568.75
278838,"2018-02-08 15:11:57",HDIL,7924308,52.45
278836,"2018-02-08 15:11:51",KOTAKBANK,1694754,1052.95
278837,"2018-02-08 15:11:51",INFY,4032063,1135
278835,"2018-02-08 15:11:50",SBIN,17123093,301.55
278834,"2018-02-08 15:11:48",RELIANCE,5717630,904.9
278832,"2018-02-08 15:11:47",HDFC,1657216,1813.25
278833,"2018-02-08 15:11:47",HDFCBANK,1219036,1881.4
278827,"2018-02-08 15:11:46",MARUTI,426619,9023.05
278828,"2018-02-08 15:11:46",ICICIBANK,8514106,335.1
278829,"2018-02-08 15:11:46",IDFCBANK,7954977,53.3
278830,"2018-02-08 15:11:46",AXISBANK,5493701,568.95
278831,"2018-02-08 15:11:46",JINDALSTEL,15189798,266
278826,"2018-02-08 15:11:44",SBIN,17105793,301.4
278824,"2018-02-08 15:11:43",MARUTI,426163,9030.1
278825,"2018-02-08 15:11:43",HDFCBANK,1219022,1881.8
278822,"2018-02-08 15:11:42",HDIL,7921624,52.45
278823,"2018-02-08 15:11:42",LT,1774453,1347.3
278820,"2018-02-08 15:11:41",KOTAKBANK,1694321,1052.95
278821,"2018-02-08 15:11:41",HDFC,1655400,1814.1
278817,"2018-02-08 15:11:40",IDFCBANK,7954642,53.3
278818,"2018-02-08 15:11:40",RELIANCE,5713478,904.95
278819,"2018-02-08 15:11:40",INFY,4031362,1134.95
278815,"2018-02-08 15:11:39",JINDALSTEL,15181023,266.2
278816,"2018-02-08 15:11:39",ITC,8618734,274.45
278813,"2018-02-08 15:11:38",AXISBANK,5492692,568.85
278814,"2018-02-08 15:11:38",ICICIBANK,8513411,335.15
278812,"2018-02-08 15:11:37",ITC,8616930,274.5
278809,"2018-02-08 15:11:36",JINDALSTEL,15178929,266.15
278810,"2018-02-08 15:11:36",ICICIBANK,8510661,335.15
278811,"2018-02-08 15:11:36",RELIANCE,5711488,904.85
278808,"2018-02-08 15:11:34",HDFCBANK,1218607,1881.05
278807,"2018-02-08 15:11:33",KOTAKBANK,1693650,1052.4
278806,"2018-02-08 15:11:32",MARUTI,426033,9031.35
278803,"2018-02-08 15:11:31",AXISBANK,5491903,568.95
278804,"2018-02-08 15:11:31",HDIL,7913052,52.45
278805,"2018-02-08 15:11:31",HDFC,1654826,1814.05
278802,"2018-02-08 15:11:30",INFY,4027404,1135
278801,"2018-02-08 15:11:29",INFY,4024085,1134.95
278800,"2018-02-08 15:11:28",HDFCBANK,1218485,1881.5
278798,"2018-02-08 15:11:27",IDFCBANK,7916704,53.25
278799,"2018-02-08 15:11:27",SBIN,17064962,301
278797,"2018-02-08 15:11:25",HDIL,7908333,52.45
278796,"2018-02-08 15:11:24",RELIANCE,5708183,904.8
278794,"2018-02-08 15:11:23",KOTAKBANK,1688356,1053.2
278795,"2018-02-08 15:11:23",AXISBANK,5488643,569.1
278791,"2018-02-08 15:11:22",ICICIBANK,8507054,335
278792,"2018-02-08 15:11:22",LT,1773577,1347
278793,"2018-02-08 15:11:22",MARUTI,424940,9035.1
278790,"2018-02-08 15:11:21",HDFC,1652062,1813.85
278789,"2018-02-08 15:11:20",KOTAKBANK,1687158,1053
278786,"2018-02-08 15:11:17",SBIN,17057468,301.25
278787,"2018-02-08 15:11:17",JINDALSTEL,15172243,266.25
278788,"2018-02-08 15:11:17",HDFCBANK,1218352,1881.55
278784,"2018-02-08 15:11:16",HDIL,7902581,52.45
278785,"2018-02-08 15:11:16",ICICIBANK,8504278,335.05
278783,"2018-02-08 15:11:15",HDFC,1651365,1813.8
278781,"2018-02-08 15:11:14",LT,1773032,1346.8
278782,"2018-02-08 15:11:14",MARUTI,424593,9041.1
278779,"2018-02-08 15:11:13",ITC,8607417,274.5
278780,"2018-02-08 15:11:13",INFY,4021940,1134.9
278776,"2018-02-08 15:11:12",AXISBANK,5486679,569.2
278777,"2018-02-08 15:11:12",IDFCBANK,7902632,53.35
278778,"2018-02-08 15:11:12",RELIANCE,5705663,904.75
278775,"2018-02-08 15:11:11",LT,1772905,1347.35
278774,"2018-02-08 15:11:10",ICICIBANK,8500474,335.1
278771,"2018-02-08 15:11:09",IDFCBANK,7887169,53.3
278772,"2018-02-08 15:11:09",HDFCBANK,1218345,1880.55
278773,"2018-02-08 15:11:09",KOTAKBANK,1686754,1053
278770,"2018-02-08 15:11:08",AXISBANK,5486071,569.35
278768,"2018-02-08 15:11:07",ITC,8601849,274.45
278769,"2018-02-08 15:11:07",SBIN,17043792,301.3
278767,"2018-02-08 15:11:06",INFY,4018000,1134.85
278763,"2018-02-08 15:11:05",HDFC,1650450,1813.85
278764,"2018-02-08 15:11:05",MARUTI,424235,9043.65
278765,"2018-02-08 15:11:05",JINDALSTEL,15155012,266.35
278766,"2018-02-08 15:11:05",HDIL,7900510,52.4
278762,"2018-02-08 15:11:03",LT,1772611,1346.7
278758,"2018-02-08 15:11:00",MARUTI,423990,9042.85
278759,"2018-02-08 15:11:00",IDFCBANK,7878410,53.3
278760,"2018-02-08 15:11:00",HDFCBANK,1217841,1882
278761,"2018-02-08 15:11:00",KOTAKBANK,1686181,1051.9
278756,"2018-02-08 15:10:57",INFY,4017378,1134.9
278757,"2018-02-08 15:10:57",RELIANCE,5699649,904.85
278753,"2018-02-08 15:10:56",HDIL,7897257,52.4
278754,"2018-02-08 15:10:56",AXISBANK,5484715,569
278755,"2018-02-08 15:10:56",ICICIBANK,8496350,335.05
278752,"2018-02-08 15:10:55",HDIL,7893182,52.45
278750,"2018-02-08 15:10:53",SBIN,17013474,301
278751,"2018-02-08 15:10:53",ICICIBANK,8493209,334.95
278749,"2018-02-08 15:10:52",MARUTI,420638,9035
278748,"2018-02-08 15:10:51",KOTAKBANK,1683995,1053.35
278743,"2018-02-08 15:10:50",ITC,8591988,274.5
278744,"2018-02-08 15:10:50",IDFCBANK,7870734,53.35
278745,"2018-02-08 15:10:50",HDFCBANK,1216216,1881.55
278746,"2018-02-08 15:10:50",RELIANCE,5697826,904.7
278747,"2018-02-08 15:10:50",JINDALSTEL,15135089,266.2
278742,"2018-02-08 15:10:49",AXISBANK,5476943,568.75
278741,"2018-02-08 15:10:48",HDFC,1646397,1814.45
278740,"2018-02-08 15:10:47",HDFCBANK,1215842,1881.35
278739,"2018-02-08 15:10:44",ITC,8589170,274.4
278738,"2018-02-08 15:10:42",HDIL,7889257,52.45
278736,"2018-02-08 15:10:41",INFY,4010346,1135
278737,"2018-02-08 15:10:41",IDFCBANK,7870578,53.3
278732,"2018-02-08 15:10:40",MARUTI,420154,9028.5
278733,"2018-02-08 15:10:40",KOTAKBANK,1683330,1052.6
278734,"2018-02-08 15:10:40",SBIN,16989813,300.85
278735,"2018-02-08 15:10:40",ICICIBANK,8490257,335
278727,"2018-02-08 15:10:39",JINDALSTEL,15132204,266.2
278728,"2018-02-08 15:10:39",AXISBANK,5473048,568.3
278729,"2018-02-08 15:10:39",RELIANCE,5689770,904.85
278730,"2018-02-08 15:10:39",LT,1770866,1345.6
278731,"2018-02-08 15:10:39",HDFC,1645619,1814.45
278724,"2018-02-08 15:10:35",LT,1769337,1345.4
278725,"2018-02-08 15:10:35",HDFC,1643837,1814.5
278726,"2018-02-08 15:10:35",INFY,4008140,1135
278723,"2018-02-08 15:10:34",SBIN,16978821,300.75
278721,"2018-02-08 15:10:33",HDIL,7889037,52.45
278722,"2018-02-08 15:10:33",ICICIBANK,8481094,334.95
278720,"2018-02-08 15:10:32",AXISBANK,5471546,568.3
278716,"2018-02-08 15:10:31",ITC,8576995,274.15
278717,"2018-02-08 15:10:31",IDFCBANK,7868521,53.35
278718,"2018-02-08 15:10:31",KOTAKBANK,1682474,1052.65
278719,"2018-02-08 15:10:31",RELIANCE,5686935,904.9
278714,"2018-02-08 15:10:30",MARUTI,419985,9025.35
278715,"2018-02-08 15:10:30",JINDALSTEL,15129968,266.05
278713,"2018-02-08 15:10:29",HDIL,7888715,52.45
278711,"2018-02-08 15:10:27",IDFCBANK,7864059,53.35
278712,"2018-02-08 15:10:27",KOTAKBANK,1678354,1053.1
278710,"2018-02-08 15:10:26",LT,1768972,1346.05
278708,"2018-02-08 15:10:24",RELIANCE,5684275,904.9
278709,"2018-02-08 15:10:24",SBIN,16975742,300.8
278705,"2018-02-08 15:10:23",JINDALSTEL,15127674,266.4
278706,"2018-02-08 15:10:23",HDFC,1643507,1814.5
278707,"2018-02-08 15:10:23",MARUTI,419809,9027.95
278701,"2018-02-08 15:10:22",INFY,3998591,1134.95
278702,"2018-02-08 15:10:22",HDFCBANK,1213679,1881
278703,"2018-02-08 15:10:22",ITC,8567569,274.5
278704,"2018-02-08 15:10:22",AXISBANK,5468006,568.3
278700,"2018-02-08 15:10:21",KOTAKBANK,1677714,1053.45
278698,"2018-02-08 15:10:20",RELIANCE,5683116,904.9
278699,"2018-02-08 15:10:20",HDIL,7887463,52.45
278697,"2018-02-08 15:10:18",JINDALSTEL,15124688,266.25
278695,"2018-02-08 15:10:17",IDFCBANK,7860651,53.25
278696,"2018-02-08 15:10:17",HDFC,1642205,1814.55
278693,"2018-02-08 15:10:16",ICICIBANK,8472569,335.05
278694,"2018-02-08 15:10:16",SBIN,16972547,300.75
278690,"2018-02-08 15:10:14",LT,1768683,1346.4
278691,"2018-02-08 15:10:14",AXISBANK,5466713,568.5
278692,"2018-02-08 15:10:14",ITC,8562361,274.6
278687,"2018-02-08 15:10:13",IDFCBANK,7855542,53.25
278688,"2018-02-08 15:10:13",INFY,3987772,1135
278689,"2018-02-08 15:10:13",HDFCBANK,1213084,1882
278684,"2018-02-08 15:10:12",RELIANCE,5682050,905
278685,"2018-02-08 15:10:12",KOTAKBANK,1677070,1053
278686,"2018-02-08 15:10:12",SBIN,16965585,300.8
278683,"2018-02-08 15:10:11",ICICIBANK,8471520,335.05
278681,"2018-02-08 15:10:10",MARUTI,418494,9027.9
278682,"2018-02-08 15:10:10",JINDALSTEL,15124547,266.3
278680,"2018-02-08 15:10:08",ITC,8556842,274.45
278677,"2018-02-08 15:10:07",INFY,3987113,1135
278678,"2018-02-08 15:10:07",HDFCBANK,1213051,1881.95
278679,"2018-02-08 15:10:07",HDIL,7885457,52.4
278675,"2018-02-08 15:10:06",AXISBANK,5464691,568.2
278676,"2018-02-08 15:10:06",HDFC,1641173,1814.55
278672,"2018-02-08 15:10:05",SBIN,16961992,300.75
278673,"2018-02-08 15:10:05",ICICIBANK,8467146,335.05
278674,"2018-02-08 15:10:05",MARUTI,418466,9027.95
278671,"2018-02-08 15:10:04",HDFCBANK,1212758,1881
278668,"2018-02-08 15:10:02",AXISBANK,5463671,568.2
278669,"2018-02-08 15:10:02",KOTAKBANK,1676441,1052.95
278670,"2018-02-08 15:10:02",JINDALSTEL,15122829,266.45
278667,"2018-02-08 15:10:01",IDFCBANK,7855435,53.3
278666,"2018-02-08 15:09:59",HDIL,7882728,52.4
278664,"2018-02-08 15:09:58",ICICIBANK,8465122,335.05
278665,"2018-02-08 15:09:58",LT,1766444,1346.45
278660,"2018-02-08 15:09:57",HDFC,1640145,1814.55
278661,"2018-02-08 15:09:57",HDFCBANK,1211148,1881.75
278662,"2018-02-08 15:09:57",SBIN,16960281,300.7
278663,"2018-02-08 15:09:57",ITC,8551197,274.5
278657,"2018-02-08 15:09:56",JINDALSTEL,15121862,266.4
278658,"2018-02-08 15:09:56",INFY,3985810,1135
278659,"2018-02-08 15:09:56",AXISBANK,5462736,568.45
278656,"2018-02-08 15:09:53",HDFCBANK,1210004,1881.8
278655,"2018-02-08 15:09:52",SBIN,16952026,300.7
278654,"2018-02-08 15:09:51",ICICIBANK,8458636,335.05
278653,"2018-02-08 15:09:50",HDIL,7879533,52.4
278649,"2018-02-08 15:09:49",MARUTI,417935,9025.2
278650,"2018-02-08 15:09:49",KOTAKBANK,1675742,1052.95
278651,"2018-02-08 15:09:49",IDFCBANK,7848883,53.25
278652,"2018-02-08 15:09:49",INFY,3983491,1135
278648,"2018-02-08 15:09:48",RELIANCE,5667897,904.85
278647,"2018-02-08 15:09:47",AXISBANK,5461662,568.4
278643,"2018-02-08 15:09:46",LT,1765790,1346.45
278644,"2018-02-08 15:09:46",ITC,8546880,274.45
278645,"2018-02-08 15:09:46",HDFC,1639601,1814.55
278646,"2018-02-08 15:09:46",JINDALSTEL,15119403,266.3
278642,"2018-02-08 15:09:45",HDFCBANK,1207994,1882.4
278640,"2018-02-08 15:09:42",LT,1763829,1345.8
278641,"2018-02-08 15:09:42",INFY,3978747,1135
278639,"2018-02-08 15:09:41",JINDALSTEL,15112495,266.6
278638,"2018-02-08 15:09:40",HDIL,7877031,52.4
278636,"2018-02-08 15:09:39",MARUTI,417048,9026.2
278637,"2018-02-08 15:09:39",IDFCBANK,7847868,53.25
278630,"2018-02-08 15:09:38",ICICIBANK,8456712,335.05
278631,"2018-02-08 15:09:38",AXISBANK,5460881,568.4
278632,"2018-02-08 15:09:38",ITC,8536669,274.6
278633,"2018-02-08 15:09:38",HDFC,1639249,1814.45
278634,"2018-02-08 15:09:38",KOTAKBANK,1675511,1052.7
278635,"2018-02-08 15:09:38",RELIANCE,5663735,904.85
278629,"2018-02-08 15:09:35",RELIANCE,5662226,904.9
278627,"2018-02-08 15:09:34",ICICIBANK,8454345,335.05
278628,"2018-02-08 15:09:34",IDFCBANK,7847699,53.25
278626,"2018-02-08 15:09:31",SBIN,16940150,300.65
278620,"2018-02-08 15:09:30",HDIL,7876156,52.4
278621,"2018-02-08 15:09:30",INFY,3975354,1134.9
278622,"2018-02-08 15:09:30",ITC,8526972,274.6
278623,"2018-02-08 15:09:30",HDFC,1637516,1814.5
278624,"2018-02-08 15:09:30",LT,1761714,1345.15
278625,"2018-02-08 15:09:30",AXISBANK,5458264,568.2
278617,"2018-02-08 15:09:29",MARUTI,416885,9027
278618,"2018-02-08 15:09:29",HDFCBANK,1207175,1882.4
278619,"2018-02-08 15:09:29",KOTAKBANK,1674487,1052
278616,"2018-02-08 15:09:27",SBIN,16921558,300.5
278614,"2018-02-08 15:09:26",HDIL,7875238,52.45
278615,"2018-02-08 15:09:26",MARUTI,416653,9029.7
278613,"2018-02-08 15:09:25",JINDALSTEL,15106731,266.8
278612,"2018-02-08 15:09:24",ITC,8522920,274.7
278611,"2018-02-08 15:09:23",HDFC,1637117,1814.85
278609,"2018-02-08 15:09:22",KOTAKBANK,1674143,1051.9
278610,"2018-02-08 15:09:22",LT,1760581,1346.95
278606,"2018-02-08 15:09:21",IDFCBANK,7847642,53.25
278607,"2018-02-08 15:09:21",AXISBANK,5456295,568.5
278608,"2018-02-08 15:09:21",ICICIBANK,8447413,335.15
278603,"2018-02-08 15:09:20",ICICIBANK,8444818,335.1
278604,"2018-02-08 15:09:20",HDFCBANK,1205984,1882.3
278605,"2018-02-08 15:09:20",INFY,3974372,1134.95
278602,"2018-02-08 15:09:19",JINDALSTEL,15102786,267
278600,"2018-02-08 15:09:16",IDFCBANK,7844970,53.3
278601,"2018-02-08 15:09:16",ITC,8517057,274.7
278599,"2018-02-08 15:09:15",SBIN,16911785,300.75
278597,"2018-02-08 15:09:14",LT,1757823,1347.3
