id,curr_time,symbol,volume,price
209086,"2018-01-30 15:57:11",LT,1987935,1429.9
209085,"2018-01-30 15:56:51",HDIL,8718314,58.35
209084,"2018-01-30 15:56:45",SBIN,25809796,313.55
209083,"2018-01-30 15:56:25",IDFCBANK,6948915,57.1
209082,"2018-01-30 15:56:19",SBIN,25809793,313.55
209081,"2018-01-30 15:56:09",ITC,13057276,275.2
209079,"2018-01-30 15:55:56",ITC,13057176,275.2
209080,"2018-01-30 15:55:56",RELIANCE,4197626,950.4
209078,"2018-01-30 15:55:51",KOTAKBANK,2692935,1088.05
209077,"2018-01-30 15:55:35",IDFCBANK,6947765,57.1
209076,"2018-01-30 15:55:31",LT,1987920,1429.9
209075,"2018-01-30 15:55:27",ICICIBANK,13358681,353.25
209074,"2018-01-30 15:55:25",SBIN,25809743,313.55
209073,"2018-01-30 15:55:10",MARUTI,573988,9571.55
209072,"2018-01-30 15:55:06",ITC,13057076,275.2
209071,"2018-01-30 15:55:03",HDFCBANK,1599390,1995.5
209070,"2018-01-30 15:55:01",HDFC,4065952,1937.5
209069,"2018-01-30 15:54:52",RELIANCE,4197576,950.4
209068,"2018-01-30 15:54:49",JINDALSTEL,13236811,268.35
209067,"2018-01-30 15:54:24",HDIL,8718304,58.35
209065,"2018-01-30 15:53:32",HDFCBANK,1599387,1995.5
209066,"2018-01-30 15:53:32",ITC,13056851,275.2
209064,"2018-01-30 15:53:26",MARUTI,573973,9571.55
209063,"2018-01-30 15:53:25",RELIANCE,4197570,950.4
209061,"2018-01-30 15:53:20",HDFC,4065942,1937.5
209062,"2018-01-30 15:53:20",INFY,4314075,1170.65
209060,"2018-01-30 15:52:58",SBIN,25809454,313.55
209059,"2018-01-30 15:52:52",HDIL,8717454,58.35
209058,"2018-01-30 15:52:20",JINDALSTEL,13236806,268.35
209057,"2018-01-30 15:52:18",HDIL,8716754,58.35
209056,"2018-01-30 15:51:58",ITC,13054601,275.2
209055,"2018-01-30 15:51:47",TATASTEEL,6018698,775.85
209054,"2018-01-30 15:51:40",JINDALSTEL,13236706,268.35
209053,"2018-01-30 15:51:28",RELIANCE,4197544,950.4
209052,"2018-01-30 15:51:11",SBIN,25809418,313.55
209051,"2018-01-30 15:50:57",HDIL,8716654,58.35
209050,"2018-01-30 15:50:55",LT,1987890,1429.9
209049,"2018-01-30 15:50:39",SBIN,25809359,313.55
209048,"2018-01-30 15:50:33",HDFCBANK,1599344,1995.5
209047,"2018-01-30 15:49:34",RELIANCE,4197460,950.4
209046,"2018-01-30 15:49:32",JINDALSTEL,13236606,268.35
209045,"2018-01-30 15:49:21",ITC,13054581,275.2
209044,"2018-01-30 15:49:13",RELIANCE,4197409,950.4
209043,"2018-01-30 15:49:09",IDFCBANK,6946765,57.1
209042,"2018-01-30 15:49:00",JINDALSTEL,13236506,268.35
209041,"2018-01-30 15:48:54",HDIL,8716629,58.35
209039,"2018-01-30 15:48:51",IDFCBANK,6946755,57.1
209040,"2018-01-30 15:48:51",RELIANCE,4197404,950.4
209036,"2018-01-30 15:48:47",RELIANCE,4197399,950.4
209037,"2018-01-30 15:48:47",TATASTEEL,6018638,775.85
209038,"2018-01-30 15:48:47",SBIN,25809332,313.55
209035,"2018-01-30 15:48:45",JINDALSTEL,13236406,268.35
209034,"2018-01-30 15:48:29",HDIL,8716539,58.35
209033,"2018-01-30 15:48:25",SBIN,25808432,313.55
209032,"2018-01-30 15:48:15",IDFCBANK,6946695,57.1
209031,"2018-01-30 15:48:06",HDIL,8715939,58.35
209030,"2018-01-30 15:48:04",JINDALSTEL,13235956,268.35
209029,"2018-01-30 15:48:01",IDFCBANK,6946685,57.1
209028,"2018-01-30 15:47:56",ICICIBANK,13358671,353.25
209027,"2018-01-30 15:47:50",RELIANCE,4197379,950.4
209026,"2018-01-30 15:47:49",ICICIBANK,13358656,353.25
209025,"2018-01-30 15:47:34",IDFCBANK,6944085,57.1
209024,"2018-01-30 15:47:29",HDIL,8715835,58.35
209023,"2018-01-30 15:47:27",LT,1987888,1429.9
209022,"2018-01-30 15:47:22",ICICIBANK,13358650,353.25
209021,"2018-01-30 15:47:12",SBIN,25807982,313.55
209020,"2018-01-30 15:46:57",RELIANCE,4197238,950.4
209019,"2018-01-30 15:46:45",HDIL,8715824,58.35
209018,"2018-01-30 15:46:41",IDFCBANK,6944075,57.1
209017,"2018-01-30 15:46:38",JINDALSTEL,13235837,268.35
209016,"2018-01-30 15:46:37",SBIN,25807976,313.55
209015,"2018-01-30 15:46:36",IDFCBANK,6941650,57.1
209014,"2018-01-30 15:46:31",TATASTEEL,6018438,775.85
209013,"2018-01-30 15:46:24",INFY,4314060,1170.65
209012,"2018-01-30 15:46:17",RELIANCE,4197158,950.4
209011,"2018-01-30 15:46:10",HDFC,4065938,1937.5
209010,"2018-01-30 15:46:08",KOTAKBANK,2692933,1088.05
209009,"2018-01-30 15:46:07",IDFCBANK,6940425,57.1
209008,"2018-01-30 15:46:05",SBIN,25807950,313.55
209007,"2018-01-30 15:46:03",ICICIBANK,13358396,353.25
209006,"2018-01-30 15:46:00",ITC,13054222,275.2
209005,"2018-01-30 15:45:57",LT,1987883,1429.9
209004,"2018-01-30 15:45:50",INFY,4314010,1170.65
209003,"2018-01-30 15:45:44",HDIL,8715774,58.35
209002,"2018-01-30 15:45:42",HDFC,4065936,1937.5
209001,"2018-01-30 15:45:40",MARUTI,573962,9571.55
209000,"2018-01-30 15:45:37",HDFCBANK,1599343,1995.5
208999,"2018-01-30 15:45:36",JINDALSTEL,13235738,268.35
208998,"2018-01-30 15:45:35",INFY,4313910,1170.65
208997,"2018-01-30 15:45:31",TATASTEEL,6018388,775.85
208996,"2018-01-30 15:45:17",HDIL,8715699,58.35
208995,"2018-01-30 15:45:10",SBIN,25807806,313.55
208994,"2018-01-30 15:45:02",HDFC,4065927,1937.5
208993,"2018-01-30 15:45:01",ICICIBANK,13358341,353.25
208992,"2018-01-30 15:44:59",AXISBANK,6447960,593.75
208991,"2018-01-30 15:44:52",IDFCBANK,6939225,57.1
208990,"2018-01-30 15:44:49",HDIL,8715499,58.35
208989,"2018-01-30 15:44:42",ICICIBANK,13358138,353.25
208988,"2018-01-30 15:44:34",IDFCBANK,6939205,57.1
208987,"2018-01-30 15:44:19",TATASTEEL,6017888,775.85
208986,"2018-01-30 15:44:12",RELIANCE,4195806,950.4
208985,"2018-01-30 15:44:10",AXISBANK,6447950,593.75
208984,"2018-01-30 15:44:06",TATASTEEL,6017688,775.85
208983,"2018-01-30 15:44:05",IDFCBANK,6939155,57.1
208981,"2018-01-30 15:44:03",HDFC,4065925,1937.5
208982,"2018-01-30 15:44:03",RELIANCE,4195805,950.4
208980,"2018-01-30 15:44:02",MARUTI,573961,9571.55
208979,"2018-01-30 15:44:00",SBIN,25807698,313.55
208978,"2018-01-30 15:43:56",MARUTI,573711,9571.55
208977,"2018-01-30 15:43:51",LT,1987882,1429.9
208975,"2018-01-30 15:43:46",ITC,13054217,275.2
208976,"2018-01-30 15:43:46",HDFCBANK,1599333,1995.5
208974,"2018-01-30 15:43:37",RELIANCE,4195803,950.4
208973,"2018-01-30 15:43:34",TATASTEEL,6017678,775.85
208972,"2018-01-30 15:43:29",LT,1987832,1429.9
208971,"2018-01-30 15:43:28",ITC,13054167,275.2
208970,"2018-01-30 15:43:27",TATASTEEL,6017676,775.85
208969,"2018-01-30 15:43:17",RELIANCE,4195793,950.4
208968,"2018-01-30 15:43:15",TATASTEEL,6017651,775.85
208967,"2018-01-30 15:43:14",SBIN,25807579,313.55
208965,"2018-01-30 15:43:10",HDIL,8715474,58.35
208966,"2018-01-30 15:43:10",HDFC,4065889,1937.5
208964,"2018-01-30 15:43:00",LT,1987831,1429.9
208963,"2018-01-30 15:42:58",HDFC,4065883,1937.5
208961,"2018-01-30 15:42:48",SBIN,25807479,313.55
208962,"2018-01-30 15:42:48",AXISBANK,6447948,593.75
208960,"2018-01-30 15:42:37",HDIL,8715374,58.35
208958,"2018-01-30 15:42:34",HDFCBANK,1599323,1995.5
208959,"2018-01-30 15:42:34",ITC,13054166,275.2
208957,"2018-01-30 15:42:29",HDIL,8715349,58.35
208956,"2018-01-30 15:42:27",RELIANCE,4195293,950.4
208955,"2018-01-30 15:42:26",AXISBANK,6447773,593.75
208954,"2018-01-30 15:42:22",JINDALSTEL,13235725,268.35
208953,"2018-01-30 15:42:20",MARUTI,573706,9571.55
208952,"2018-01-30 15:42:16",IDFCBANK,6939100,57.1
208951,"2018-01-30 15:42:09",HDIL,8715134,58.35
208950,"2018-01-30 15:42:05",ITC,13054116,275.2
208948,"2018-01-30 15:42:00",HDIL,8714919,58.35
208949,"2018-01-30 15:42:00",SBIN,25807475,313.55
208946,"2018-01-30 15:41:53",HDIL,8714869,58.35
208947,"2018-01-30 15:41:53",LT,1987781,1429.9
208945,"2018-01-30 15:41:51",RELIANCE,4195284,950.4
208944,"2018-01-30 15:41:49",AXISBANK,6447768,593.75
208943,"2018-01-30 15:41:45",IDFCBANK,6938900,57.1
208942,"2018-01-30 15:41:42",LT,1987417,1429.9
208940,"2018-01-30 15:41:41",HDFC,4065882,1937.5
208941,"2018-01-30 15:41:41",JINDALSTEL,13235715,268.35
208936,"2018-01-30 15:41:36",HDFCBANK,1599298,1995.5
208937,"2018-01-30 15:41:36",RELIANCE,4195163,950.4
208938,"2018-01-30 15:41:36",INFY,4313881,1170.65
208939,"2018-01-30 15:41:36",SBIN,25807335,313.55
208935,"2018-01-30 15:41:35",AXISBANK,6447758,593.75
208934,"2018-01-30 15:41:31",RELIANCE,4194963,950.4
208933,"2018-01-30 15:41:30",IDFCBANK,6937900,57.1
208932,"2018-01-30 15:41:26",SBIN,25807005,313.55
208931,"2018-01-30 15:41:16",RELIANCE,4194919,950.4
208930,"2018-01-30 15:41:09",MARUTI,573701,9571.55
208928,"2018-01-30 15:41:03",HDFC,4065881,1937.5
208929,"2018-01-30 15:41:03",AXISBANK,6447748,593.75
208927,"2018-01-30 15:41:01",ITC,13053741,275.2
208926,"2018-01-30 15:40:57",IDFCBANK,6937500,57.1
208925,"2018-01-30 15:40:49",SBIN,25806525,313.55
208924,"2018-01-30 15:40:48",LT,1987167,1429.9
208923,"2018-01-30 15:40:43",ICICIBANK,13357927,353.25
208922,"2018-01-30 15:40:42",LT,1987162,1429.9
208921,"2018-01-30 15:40:40",SBIN,25806493,313.55
208920,"2018-01-30 15:40:33",INFY,4313624,1170.65
208919,"2018-01-30 15:40:31",ICICIBANK,13357016,353.25
208918,"2018-01-30 15:40:29",MARUTI,573671,9571.55
208916,"2018-01-30 15:40:25",KOTAKBANK,2692930,1088.05
208917,"2018-01-30 15:40:25",TATASTEEL,6017636,775.85
208914,"2018-01-30 15:40:21",JINDALSTEL,13235630,268.35
208915,"2018-01-30 15:40:21",HDFC,4065689,1937.5
208913,"2018-01-30 15:40:20",AXISBANK,6447728,593.75
208912,"2018-01-30 15:40:19",ICICIBANK,13356516,353.25
208911,"2018-01-30 15:30:41",TATASTEEL,6016376,781
208910,"2018-01-30 15:30:38",HDFCBANK,1599268,1995.55
208909,"2018-01-30 15:30:36",HDIL,8713648,58.1
208908,"2018-01-30 15:30:35",SBIN,25802184,313.5
208907,"2018-01-30 15:30:29",JINDALSTEL,13235463,267.8
208905,"2018-01-30 15:30:28",ICICIBANK,13354838,353.3
208906,"2018-01-30 15:30:28",RELIANCE,4194608,950
208904,"2018-01-30 15:30:23",IDFCBANK,6927287,57.05
208903,"2018-01-30 15:30:22",ITC,13050743,275.75
208902,"2018-01-30 15:30:17",HDFC,4065317,1938
208901,"2018-01-30 15:30:14",KOTAKBANK,2692905,1085.8
208900,"2018-01-30 15:30:11",INFY,4313125,1168
208897,"2018-01-30 15:30:10",MARUTI,573646,9569.8
208898,"2018-01-30 15:30:10",SBIN,25802104,313.45
208899,"2018-01-30 15:30:10",AXISBANK,6447428,595
208896,"2018-01-30 15:30:08",RELIANCE,4194592,950.4
208893,"2018-01-30 15:30:06",JINDALSTEL,13235463,267.8
208894,"2018-01-30 15:30:06",JINDALSTEL,13229335,267.8
208895,"2018-01-30 15:30:06",LT,1986998,1432
208892,"2018-01-30 15:30:04",AXISBANK,6444771,594.9
208891,"2018-01-30 15:30:01",RELIANCE,4192399,949.8
208890,"2018-01-30 15:30:00",IDFCBANK,6918698,57.05
208889,"2018-01-30 15:29:55",MARUTI,573502,9570
208887,"2018-01-30 15:29:53",ICICIBANK,13340638,353.4
208888,"2018-01-30 15:29:53",HDIL,8697950,58.1
208886,"2018-01-30 15:29:52",MARUTI,573422,9570.2
208885,"2018-01-30 15:29:48",ITC,13039415,275.9
208884,"2018-01-30 15:29:46",HDIL,8687180,58.05
208883,"2018-01-30 15:29:42",ICICIBANK,13330420,353.25
208881,"2018-01-30 15:29:17",TATASTEEL,5954602,779.5
208882,"2018-01-30 15:29:17",RELIANCE,4182413,951.15
208880,"2018-01-30 15:29:13",HDIL,8650667,58.1
208878,"2018-01-30 15:29:10",INFY,4045567,1173.9
208879,"2018-01-30 15:29:10",SBIN,25783604,313.3
208877,"2018-01-30 15:29:08",HDIL,8632816,58.1
208876,"2018-01-30 15:29:06",IDFCBANK,6893516,57.15
208875,"2018-01-30 15:29:04",AXISBANK,6431379,594.5
208873,"2018-01-30 15:29:02",LT,1979673,1433.8
208874,"2018-01-30 15:29:02",HDFCBANK,1591662,1993.6
208872,"2018-01-30 15:29:01",TATASTEEL,5935325,778.5
208871,"2018-01-30 15:28:57",INFY,4024913,1171.65
208868,"2018-01-30 15:28:56",HDIL,8615428,58.1
208869,"2018-01-30 15:28:56",KOTAKBANK,2683927,1088.95
208870,"2018-01-30 15:28:56",ITC,12994252,275.6
208867,"2018-01-30 15:28:55",HDFCBANK,1591143,1994
208866,"2018-01-30 15:28:53",HDFC,4058520,1942.85
208865,"2018-01-30 15:28:52",AXISBANK,6428640,594.6
208864,"2018-01-30 15:28:50",IDFCBANK,6881717,57.2
208863,"2018-01-30 15:28:48",MARUTI,571073,9572
208861,"2018-01-30 15:28:46",HDFC,4058082,1943
208862,"2018-01-30 15:28:46",ITC,12976315,275.6
208859,"2018-01-30 15:28:43",JINDALSTEL,13192651,268.1
208860,"2018-01-30 15:28:43",AXISBANK,6426493,594.55
208858,"2018-01-30 15:28:42",ICICIBANK,13299019,353.25
208856,"2018-01-30 15:28:41",LT,1974930,1434.45
208857,"2018-01-30 15:28:41",KOTAKBANK,2683296,1088.65
208854,"2018-01-30 15:28:37",SBIN,25752270,313.05
208855,"2018-01-30 15:28:37",AXISBANK,6423850,594.8
208853,"2018-01-30 15:28:36",HDFC,4056298,1942.45
208852,"2018-01-30 15:28:34",LT,1973336,1434.4
208850,"2018-01-30 15:28:31",ICICIBANK,13294653,353.05
208851,"2018-01-30 15:28:31",MARUTI,570803,9571.05
208847,"2018-01-30 15:28:30",INFY,4011986,1172.55
208848,"2018-01-30 15:28:30",AXISBANK,6421892,594.8
208849,"2018-01-30 15:28:30",KOTAKBANK,2682139,1088.15
208845,"2018-01-30 15:28:26",AXISBANK,6419668,594.95
208846,"2018-01-30 15:28:26",IDFCBANK,6868934,57.15
208841,"2018-01-30 15:28:24",IDFCBANK,6868003,57.1
208842,"2018-01-30 15:28:24",RELIANCE,4172799,950.5
208843,"2018-01-30 15:28:24",LT,1967772,1436
208844,"2018-01-30 15:28:24",HDFCBANK,1588513,1993.45
208839,"2018-01-30 15:28:23",ICICIBANK,13293070,353
208840,"2018-01-30 15:28:23",HDFC,4055860,1942.35
208838,"2018-01-30 15:28:19",ITC,12943173,275.1
208837,"2018-01-30 15:28:18",AXISBANK,6417512,594.95
208835,"2018-01-30 15:28:17",MARUTI,569847,9568.1
208836,"2018-01-30 15:28:17",HDIL,8553689,58.15
208833,"2018-01-30 15:28:12",ICICIBANK,13283371,353
208834,"2018-01-30 15:28:12",HDFCBANK,1588180,1994
208832,"2018-01-30 15:28:11",INFY,3917081,1172.5
208831,"2018-01-30 15:28:10",AXISBANK,6413805,595
208829,"2018-01-30 15:28:09",HDFCBANK,1586309,1994.75
208830,"2018-01-30 15:28:09",MARUTI,569743,9572
208828,"2018-01-30 15:28:06",ICICIBANK,13282067,353
208825,"2018-01-30 15:28:05",INFY,3915300,1173.2
208826,"2018-01-30 15:28:05",HDFC,4054438,1943.7
208827,"2018-01-30 15:28:05",INFY,3915805,1172.35
208823,"2018-01-30 15:28:02",AXISBANK,6411019,595
208824,"2018-01-30 15:28:02",HDIL,8532866,58.15
208822,"2018-01-30 15:27:59",ICICIBANK,13250686,353.05
208819,"2018-01-30 15:27:53",SBIN,25705898,313.4
208820,"2018-01-30 15:27:53",LT,1959504,1435.4
208821,"2018-01-30 15:27:53",HDIL,8519926,58.15
208818,"2018-01-30 15:27:52",ITC,12930881,275.35
208817,"2018-01-30 15:27:49",INFY,3912621,1174.95
208815,"2018-01-30 15:27:48",LT,1958493,1435
208816,"2018-01-30 15:27:48",AXISBANK,6403776,594.95
208813,"2018-01-30 15:27:47",INFY,3903301,1174
208814,"2018-01-30 15:27:47",RELIANCE,4163376,951
208812,"2018-01-30 15:27:45",HDFCBANK,1585172,1994.5
208811,"2018-01-30 15:27:42",SBIN,25685224,313
208809,"2018-01-30 15:27:40",HDFC,4052253,1943.75
208810,"2018-01-30 15:27:40",AXISBANK,6393519,595
208808,"2018-01-30 15:27:39",ICICIBANK,13214619,352.65
208807,"2018-01-30 15:27:37",LT,1956820,1436.35
208805,"2018-01-30 15:27:35",ITC,12923778,275.45
208806,"2018-01-30 15:27:35",HDIL,8487478,58.1
208804,"2018-01-30 15:27:34",HDFC,4050570,1945.4
208803,"2018-01-30 15:27:32",HDFCBANK,1584082,1994
208802,"2018-01-30 15:27:31",MARUTI,567504,9574.75
208801,"2018-01-30 15:27:29",IDFCBANK,6849568,57.15
208798,"2018-01-30 15:27:26",AXISBANK,6380367,594.95
208799,"2018-01-30 15:27:26",HDIL,8479173,58.1
208800,"2018-01-30 15:27:26",JINDALSTEL,13148445,268.25
208797,"2018-01-30 15:27:25",ITC,12917410,275.4
208795,"2018-01-30 15:27:24",TATASTEEL,5831823,776.9
208796,"2018-01-30 15:27:24",KOTAKBANK,2676609,1088.05
208794,"2018-01-30 15:27:18",INFY,3878734,1174.2
208793,"2018-01-30 15:27:17",ICICIBANK,13156357,352.8
208792,"2018-01-30 15:27:15",AXISBANK,6376279,594.95
208791,"2018-01-30 15:27:12",HDFCBANK,1581985,1993.15
208790,"2018-01-30 15:27:10",AXISBANK,6368978,594.65
208789,"2018-01-30 15:27:09",LT,1954846,1435.95
208787,"2018-01-30 15:27:08",TATASTEEL,5825603,777
208788,"2018-01-30 15:27:08",INFY,3876227,1174
208786,"2018-01-30 15:27:01",HDIL,8445969,58.05
208785,"2018-01-30 15:26:59",AXISBANK,6360969,594.8
208784,"2018-01-30 15:26:58",LT,1950473,1435.8
208783,"2018-01-30 15:26:54",HDFCBANK,1579335,1994.25
208782,"2018-01-30 15:26:53",JINDALSTEL,13125829,268.45
208781,"2018-01-30 15:26:52",IDFCBANK,6809136,57.2
208780,"2018-01-30 15:26:46",HDFC,4041146,1943.5
208779,"2018-01-30 15:26:45",ICICIBANK,13116803,352.9
208778,"2018-01-30 15:26:44",TATASTEEL,5804061,776.7
208777,"2018-01-30 15:26:43",AXISBANK,6359715,594.9
208776,"2018-01-30 15:26:40",ICICIBANK,13115182,352.9
208775,"2018-01-30 15:26:37",AXISBANK,6351722,594.95
208774,"2018-01-30 15:26:35",LT,1943239,1435.65
208773,"2018-01-30 15:26:34",TATASTEEL,5793935,777
208771,"2018-01-30 15:26:32",HDFC,4037132,1942.9
208772,"2018-01-30 15:26:32",IDFCBANK,6807207,57.2
208769,"2018-01-30 15:26:31",HDFCBANK,1577787,1993.85
208770,"2018-01-30 15:26:31",MARUTI,565555,9576.5
208768,"2018-01-30 15:26:30",HDFC,4036719,1942.5
208766,"2018-01-30 15:26:29",AXISBANK,6349941,594.95
208767,"2018-01-30 15:26:29",MARUTI,565252,9576.5
208765,"2018-01-30 15:26:27",KOTAKBANK,2668389,1089.05
208764,"2018-01-30 15:26:26",HDFC,4036430,1942.5
208763,"2018-01-30 15:26:24",JINDALSTEL,13117348,268.5
208762,"2018-01-30 15:26:23",RELIANCE,4133479,951.85
208761,"2018-01-30 15:26:21",SBIN,25534571,313.5
208760,"2018-01-30 15:26:20",AXISBANK,6347053,594.9
208759,"2018-01-30 15:26:19",HDFCBANK,1577604,1993.15
208757,"2018-01-30 15:26:18",LT,1940564,1435.55
208758,"2018-01-30 15:26:18",AXISBANK,6345432,594.9
208756,"2018-01-30 15:26:15",IDFCBANK,6800301,57.2
208755,"2018-01-30 15:26:14",RELIANCE,4126800,951.75
208754,"2018-01-30 15:26:13",ITC,12877667,275.4
208753,"2018-01-30 15:26:12",SBIN,25525116,313.55
208752,"2018-01-30 15:26:11",KOTAKBANK,2667925,1089.25
208750,"2018-01-30 15:26:07",AXISBANK,6342527,594.95
208751,"2018-01-30 15:26:07",HDFC,4030285,1942.35
208749,"2018-01-30 15:26:06",ICICIBANK,13090357,353.05
208748,"2018-01-30 15:26:05",LT,1929224,1434.9
208747,"2018-01-30 15:26:00",ITC,12864212,275.4
208746,"2018-01-30 15:25:59",SBIN,25511890,313.5
208745,"2018-01-30 15:25:58",AXISBANK,6334542,594.85
208744,"2018-01-30 15:25:57",HDFC,4028719,1942.3
208743,"2018-01-30 15:25:54",ICICIBANK,13072694,353.2
208740,"2018-01-30 15:25:53",AXISBANK,6326492,594.85
208741,"2018-01-30 15:25:53",HDIL,8343422,58.15
208742,"2018-01-30 15:25:53",INFY,3833433,1172
208739,"2018-01-30 15:25:50",HDFC,4026906,1942.25
208737,"2018-01-30 15:25:49",HDFCBANK,1576511,1994.8
208738,"2018-01-30 15:25:49",TATASTEEL,5734513,777.1
208735,"2018-01-30 15:25:47",IDFCBANK,6750338,57.15
208736,"2018-01-30 15:25:47",LT,1921136,1435
208734,"2018-01-30 15:25:46",ITC,12656408,275.25
208732,"2018-01-30 15:25:35",HDIL,8304065,58.25
208733,"2018-01-30 15:25:35",KOTAKBANK,2657478,1087.4
208731,"2018-01-30 15:25:34",MARUTI,563416,9575
208730,"2018-01-30 15:25:33",TATASTEEL,5729898,777.05
208728,"2018-01-30 15:25:31",LT,1917724,1435
208729,"2018-01-30 15:25:31",AXISBANK,6322339,594.95
208726,"2018-01-30 15:25:30",AXISBANK,6315643,595
208727,"2018-01-30 15:25:30",ICICIBANK,13053283,353.15
208724,"2018-01-30 15:25:29",IDFCBANK,6735355,57.15
208725,"2018-01-30 15:25:29",INFY,3830309,1170.8
208723,"2018-01-30 15:25:24",HDFC,4025073,1942.25
208721,"2018-01-30 15:25:23",JINDALSTEL,13057987,268.75
208722,"2018-01-30 15:25:23",JINDALSTEL,13061389,268.6
208720,"2018-01-30 15:25:22",KOTAKBANK,2656317,1087.6
208719,"2018-01-30 15:25:18",TATASTEEL,5710507,777
208717,"2018-01-30 15:25:17",HDFCBANK,1574461,1995
208718,"2018-01-30 15:25:17",ICICIBANK,13037881,353
208716,"2018-01-30 15:25:14",SBIN,25476427,313.65
208714,"2018-01-30 15:25:11",IDFCBANK,6719955,57.2
208715,"2018-01-30 15:25:11",MARUTI,561902,9567.5
208713,"2018-01-30 15:25:08",ITC,12634901,275.2
208711,"2018-01-30 15:25:07",RELIANCE,4109726,951.15
208712,"2018-01-30 15:25:07",LT,1915116,1435.5
208710,"2018-01-30 15:25:06",AXISBANK,6296830,594.5
208709,"2018-01-30 15:25:05",HDIL,8293299,58.2
208708,"2018-01-30 15:25:03",TATASTEEL,5703812,776.8
208707,"2018-01-30 15:25:02",HDFCBANK,1573090,1995.5
208706,"2018-01-30 15:25:01",HDFC,4019353,1942.85
208705,"2018-01-30 15:24:58",KOTAKBANK,2653743,1087.2
208703,"2018-01-30 15:24:55",MARUTI,561512,9567.5
208704,"2018-01-30 15:24:55",AXISBANK,6291786,594.75
208702,"2018-01-30 15:24:54",SBIN,25446752,313.8
208701,"2018-01-30 15:24:50",TATASTEEL,5693100,777.05
208699,"2018-01-30 15:24:48",LT,1906999,1434
208700,"2018-01-30 15:24:48",SBIN,25421222,313.9
208697,"2018-01-30 15:24:44",RELIANCE,4105778,951.2
208698,"2018-01-30 15:24:44",INFY,3816911,1172.25
208695,"2018-01-30 15:24:43",HDFC,4014946,1942.95
208696,"2018-01-30 15:24:43",AXISBANK,6273758,594.8
208694,"2018-01-30 15:24:42",HDFCBANK,1572280,1995.4
208692,"2018-01-30 15:24:39",SBIN,25387758,313.95
208693,"2018-01-30 15:24:39",TATASTEEL,5685372,777
208691,"2018-01-30 15:24:38",LT,1903969,1432.95
208690,"2018-01-30 15:24:34",KOTAKBANK,2652210,1087.15
208689,"2018-01-30 15:24:31",AXISBANK,6269566,594.7
208688,"2018-01-30 15:24:29",HDFC,4011260,1943
208687,"2018-01-30 15:24:28",INFY,3809008,1172.3
208686,"2018-01-30 15:24:27",RELIANCE,4098463,951.15
208685,"2018-01-30 15:24:24",KOTAKBANK,2651387,1087
208684,"2018-01-30 15:24:23",JINDALSTEL,13041399,268.9
208682,"2018-01-30 15:24:22",AXISBANK,6262617,594.55
208683,"2018-01-30 15:24:22",ICICIBANK,12983251,353.1
208681,"2018-01-30 15:24:20",ITC,12562763,275.25
208680,"2018-01-30 15:24:17",HDIL,8256877,58.25
208678,"2018-01-30 15:24:15",MARUTI,559118,9567.5
208679,"2018-01-30 15:24:15",SBIN,25335442,313.7
208677,"2018-01-30 15:24:13",ICICIBANK,12976163,353.1
208676,"2018-01-30 15:24:12",ITC,12558399,275.2
208675,"2018-01-30 15:24:11",AXISBANK,6255520,594.4
208674,"2018-01-30 15:24:09",RELIANCE,4091385,951.05
208673,"2018-01-30 15:24:07",TATASTEEL,5672548,777.5
208672,"2018-01-30 15:24:06",IDFCBANK,6688415,57.15
208671,"2018-01-30 15:24:05",AXISBANK,6253706,594.7
208670,"2018-01-30 15:24:04",INFY,3799379,1172.05
208669,"2018-01-30 15:24:02",IDFCBANK,6676748,57.2
208668,"2018-01-30 15:24:00",ITC,12549179,275.2
208667,"2018-01-30 15:23:58",KOTAKBANK,2649432,1087.4
208666,"2018-01-30 15:23:57",AXISBANK,6241638,594
208665,"2018-01-30 15:23:55",MARUTI,558665,9567.4
208664,"2018-01-30 15:23:54",HDFCBANK,1567709,1995.25
208663,"2018-01-30 15:23:52",RELIANCE,4084350,950.85
208662,"2018-01-30 15:23:51",ICICIBANK,12956662,353.15
208661,"2018-01-30 15:23:50",IDFCBANK,6658719,57.15
208659,"2018-01-30 15:23:48",LT,1892288,1430.25
208660,"2018-01-30 15:23:48",HDFC,4007086,1943
208657,"2018-01-30 15:23:45",MARUTI,557940,9568.35
208658,"2018-01-30 15:23:45",JINDALSTEL,13031926,268.9
208656,"2018-01-30 15:23:44",ITC,12540663,275.15
208655,"2018-01-30 15:23:43",AXISBANK,6234760,593.95
208654,"2018-01-30 15:23:42",HDIL,8253394,58.25
208652,"2018-01-30 15:23:41",SBIN,25289285,313.65
208653,"2018-01-30 15:23:41",INFY,3797055,1171.55
208651,"2018-01-30 15:23:38",INFY,3794876,1171
208650,"2018-01-30 15:23:36",HDIL,8238802,58.3
208649,"2018-01-30 15:23:34",HDFC,4005143,1943.05
208648,"2018-01-30 15:23:29",AXISBANK,6230213,593.85
208647,"2018-01-30 15:23:26",KOTAKBANK,2644637,1086.7
208646,"2018-01-30 15:23:25",INFY,3783628,1170.7
208644,"2018-01-30 15:23:21",RELIANCE,4068037,950.7
208645,"2018-01-30 15:23:21",TATASTEEL,5616133,776.35
208643,"2018-01-30 15:23:20",IDFCBANK,6646566,57.1
208640,"2018-01-30 15:23:16",ICICIBANK,12878322,353.5
208641,"2018-01-30 15:23:16",MARUTI,557045,9569.85
208642,"2018-01-30 15:23:16",SBIN,25241071,313.25
208638,"2018-01-30 15:23:15",HDIL,8226216,58.3
208639,"2018-01-30 15:23:15",HDFC,4000004,1943
208637,"2018-01-30 15:23:13",AXISBANK,6217531,593.75
208635,"2018-01-30 15:23:11",LT,1888338,1430.2
208636,"2018-01-30 15:23:11",KOTAKBANK,2643076,1087.5
208634,"2018-01-30 15:23:06",HDIL,8223159,58.3
208632,"2018-01-30 15:23:05",AXISBANK,6207085,594
208633,"2018-01-30 15:23:05",TATASTEEL,5607636,776.45
208631,"2018-01-30 15:23:03",IDFCBANK,6641892,57.1
208629,"2018-01-30 15:23:02",HDFCBANK,1563180,1994.85
208630,"2018-01-30 15:23:02",RELIANCE,4059228,950.5
208628,"2018-01-30 15:23:01",ITC,12508588,275.15
208627,"2018-01-30 15:22:57",ICICIBANK,12849940,353.1
208624,"2018-01-30 15:22:53",MARUTI,555689,9570
208625,"2018-01-30 15:22:53",HDFCBANK,1558843,1996.35
208626,"2018-01-30 15:22:53",AXISBANK,6201164,594.3
208623,"2018-01-30 15:22:52",LT,1885831,1430.2
208622,"2018-01-30 15:22:51",ITC,12498790,275.25
208621,"2018-01-30 15:22:50",IDFCBANK,6593789,57.15
208620,"2018-01-30 15:22:49",HDFC,3994279,1943
208619,"2018-01-30 15:22:48",RELIANCE,4047523,950.5
208615,"2018-01-30 15:22:46",ICICIBANK,12834205,353.05
208616,"2018-01-30 15:22:46",ITC,12486651,275.3
208617,"2018-01-30 15:22:46",TATASTEEL,5587876,775.6
208618,"2018-01-30 15:22:46",RELIANCE,4038575,950.95
208614,"2018-01-30 15:22:45",MARUTI,555022,9569.8
208612,"2018-01-30 15:22:40",SBIN,25101227,313.6
208613,"2018-01-30 15:22:40",AXISBANK,6196553,594.05
208610,"2018-01-30 15:22:39",KOTAKBANK,2640248,1087.05
208611,"2018-01-30 15:22:39",HDFCBANK,1557829,1995.35
208609,"2018-01-30 15:22:36",RELIANCE,4029124,951.05
208607,"2018-01-30 15:22:35",LT,1882277,1429.4
208608,"2018-01-30 15:22:35",JINDALSTEL,12948626,268.95
208606,"2018-01-30 15:22:33",HDFC,3987943,1942.4
208605,"2018-01-30 15:22:32",ICICIBANK,12824463,353.4
208604,"2018-01-30 15:22:30",AXISBANK,6184737,594.05
208601,"2018-01-30 15:22:28",MARUTI,554268,9569.8
208602,"2018-01-30 15:22:28",RELIANCE,4025363,951
208603,"2018-01-30 15:22:28",JINDALSTEL,12938039,269
208600,"2018-01-30 15:22:27",SBIN,25080979,313.5
208599,"2018-01-30 15:22:25",RELIANCE,4020269,951
208598,"2018-01-30 15:22:24",AXISBANK,6181340,594.05
208595,"2018-01-30 15:22:22",INFY,3761420,1170.1
208596,"2018-01-30 15:22:22",IDFCBANK,6526932,57.2
208597,"2018-01-30 15:22:22",ITC,12475345,275.3
208594,"2018-01-30 15:22:21",MARUTI,553745,9569.7
208593,"2018-01-30 15:22:18",AXISBANK,6174293,594
208591,"2018-01-30 15:22:17",LT,1880680,1429.4
208592,"2018-01-30 15:22:17",HDFCBANK,1552315,1995.45
208590,"2018-01-30 15:22:16",HDFC,3984371,1942.4
208589,"2018-01-30 15:22:14",AXISBANK,6168497,594
208588,"2018-01-30 15:22:13",SBIN,25035968,313.6
208587,"2018-01-30 15:22:11",AXISBANK,6166878,594
208586,"2018-01-30 15:22:10",MARUTI,553545,9570
208584,"2018-01-30 15:22:09",INFY,3759662,1170
208585,"2018-01-30 15:22:09",LT,1877892,1429.55
208582,"2018-01-30 15:22:06",RELIANCE,4015123,950.95
208583,"2018-01-30 15:22:06",IDFCBANK,6525381,57.2
208581,"2018-01-30 15:22:05",MARUTI,553514,9569.1
208580,"2018-01-30 15:22:02",AXISBANK,6165409,594
208579,"2018-01-30 15:22:01",HDFCBANK,1547140,1994.7
208578,"2018-01-30 15:21:58",JINDALSTEL,12901560,269.15
208577,"2018-01-30 15:21:56",HDFC,3980108,1943.2
208573,"2018-01-30 15:21:55",AXISBANK,6161644,594
208574,"2018-01-30 15:21:55",ICICIBANK,12757408,353.55
208575,"2018-01-30 15:21:55",SBIN,25002412,313.6
208576,"2018-01-30 15:21:55",RELIANCE,4004971,951
208572,"2018-01-30 15:21:54",LT,1874807,1429
208571,"2018-01-30 15:21:52",RELIANCE,4001449,950.95
208570,"2018-01-30 15:21:50",ITC,12459637,275.3
208569,"2018-01-30 15:21:48",MARUTI,552789,9568.7
208568,"2018-01-30 15:21:46",HDFC,3977739,1943.2
208565,"2018-01-30 15:21:45",AXISBANK,6151151,593.9
208566,"2018-01-30 15:21:45",KOTAKBANK,2631792,1088.2
208567,"2018-01-30 15:21:45",HDIL,8145954,58.35
208564,"2018-01-30 15:21:44",SBIN,24995148,313.5
208563,"2018-01-30 15:21:42",HDFCBANK,1546125,1995
208562,"2018-01-30 15:21:40",IDFCBANK,6484855,57.2
208560,"2018-01-30 15:21:38",HDFCBANK,1541427,1995.85
208561,"2018-01-30 15:21:38",MARUTI,552454,9568.65
208559,"2018-01-30 15:21:36",INFY,3752710,1170
208558,"2018-01-30 15:21:34",KOTAKBANK,2631230,1088.75
208557,"2018-01-30 15:21:32",RELIANCE,3997610,950.95
208555,"2018-01-30 15:21:31",ICICIBANK,12741287,353.55
208556,"2018-01-30 15:21:31",AXISBANK,6147552,594
208554,"2018-01-30 15:21:30",ITC,12454394,275.3
208553,"2018-01-30 15:21:27",ICICIBANK,12724182,353.4
208552,"2018-01-30 15:21:26",JINDALSTEL,12872530,268.7
208551,"2018-01-30 15:21:23",HDFCBANK,1540232,1996.25
208549,"2018-01-30 15:21:22",HDIL,8127872,58.45
208550,"2018-01-30 15:21:22",INFY,3751030,1170.05
208546,"2018-01-30 15:21:21",TATASTEEL,5544991,775
208547,"2018-01-30 15:21:21",AXISBANK,6138308,594.05
208548,"2018-01-30 15:21:21",RELIANCE,3990360,950.9
208545,"2018-01-30 15:21:18",KOTAKBANK,2630742,1088.7
208543,"2018-01-30 15:21:16",IDFCBANK,6470094,57.15
208544,"2018-01-30 15:21:16",SBIN,24924732,313.7
208542,"2018-01-30 15:21:14",KOTAKBANK,2630035,1088.75
208540,"2018-01-30 15:21:11",HDFC,3972431,1943.45
208541,"2018-01-30 15:21:11",INFY,3750310,1170
208538,"2018-01-30 15:21:10",MARUTI,551079,9568.75
208539,"2018-01-30 15:21:10",RELIANCE,3984461,950.9
208537,"2018-01-30 15:21:09",AXISBANK,6135849,594.05
208536,"2018-01-30 15:21:08",HDIL,8119830,58.45
208535,"2018-01-30 15:21:05",SBIN,24919976,313.7
208534,"2018-01-30 15:21:04",ICICIBANK,12693469,353.7
208532,"2018-01-30 15:21:03",AXISBANK,6132094,594
208533,"2018-01-30 15:21:03",KOTAKBANK,2629709,1088.65
208531,"2018-01-30 15:21:02",RELIANCE,3981790,950.85
208528,"2018-01-30 15:21:00",TATASTEEL,5536784,775.1
208529,"2018-01-30 15:21:00",JINDALSTEL,12866714,269.05
208530,"2018-01-30 15:21:00",MARUTI,550565,9568.8
208527,"2018-01-30 15:20:58",IDFCBANK,6460046,57.2
208525,"2018-01-30 15:20:57",KOTAKBANK,2628227,1088.1
208526,"2018-01-30 15:20:57",AXISBANK,6126806,594.15
208524,"2018-01-30 15:20:56",RELIANCE,3977102,950.95
208522,"2018-01-30 15:20:52",INFY,3743439,1170.05
208523,"2018-01-30 15:20:52",HDFCBANK,1537635,1996.75
208519,"2018-01-30 15:20:50",SBIN,24880949,313.65
208520,"2018-01-30 15:20:50",JINDALSTEL,12825666,268.3
208521,"2018-01-30 15:20:50",HDFC,3965938,1943.95
208518,"2018-01-30 15:20:47",AXISBANK,6124466,594.1
208517,"2018-01-30 15:20:46",KOTAKBANK,2627416,1088.25
208515,"2018-01-30 15:20:45",HDFCBANK,1536896,1996.95
208516,"2018-01-30 15:20:45",JINDALSTEL,12821434,268.35
208514,"2018-01-30 15:20:43",RELIANCE,3974278,950.95
208513,"2018-01-30 15:20:42",MARUTI,549861,9567.7
208512,"2018-01-30 15:20:41",INFY,3742362,1170
208511,"2018-01-30 15:20:40",HDIL,8098070,58.35
208510,"2018-01-30 15:20:37",IDFCBANK,6440362,57.2
208509,"2018-01-30 15:20:35",LT,1862549,1429.15
208508,"2018-01-30 15:20:33",ITC,12423207,275.45
208507,"2018-01-30 15:20:32",AXISBANK,6117486,594.35
208505,"2018-01-30 15:20:31",RELIANCE,3965604,951
208506,"2018-01-30 15:20:31",JINDALSTEL,12820292,268.25
208504,"2018-01-30 15:20:29",SBIN,24873819,313.65
208502,"2018-01-30 15:20:25",AXISBANK,6116709,594.35
208503,"2018-01-30 15:20:25",INFY,3741106,1170.05
208501,"2018-01-30 15:20:21",INFY,3734299,1170
208499,"2018-01-30 15:20:20",IDFCBANK,6431372,57.2
208500,"2018-01-30 15:20:20",HDFCBANK,1535905,1996.55
208496,"2018-01-30 15:20:19",AXISBANK,6112127,594.4
208497,"2018-01-30 15:20:19",LT,1861135,1429.4
208498,"2018-01-30 15:20:19",ICICIBANK,12654548,354.15
208495,"2018-01-30 15:20:16",LT,1860936,1429.4
208494,"2018-01-30 15:20:15",AXISBANK,6112047,594.15
208493,"2018-01-30 15:20:14",IDFCBANK,6418051,57.2
208490,"2018-01-30 15:20:13",AXISBANK,6112047,594.15
208491,"2018-01-30 15:20:13",AXISBANK,6104637,594.15
208492,"2018-01-30 15:20:13",ITC,12404670,275.4
208489,"2018-01-30 15:20:11",JINDALSTEL,12808567,268.3
208488,"2018-01-30 15:20:08",HDFC,3955715,1942.15
208487,"2018-01-30 15:20:07",TATASTEEL,5514699,775.45
208486,"2018-01-30 15:20:06",AXISBANK,6104637,594.15
208484,"2018-01-30 15:20:05",ICICIBANK,12623881,354
208485,"2018-01-30 15:20:05",AXISBANK,6103028,594.1
208483,"2018-01-30 15:20:04",AXISBANK,6104637,594.15
208481,"2018-01-30 15:20:02",JINDALSTEL,12801301,268.3
208482,"2018-01-30 15:20:02",JINDALSTEL,12806659,268.25
208480,"2018-01-30 15:20:00",HDFC,3953401,1942.35
208479,"2018-01-30 15:19:58",SBIN,24788270,313.6
208478,"2018-01-30 15:19:56",INFY,3719526,1170.05
208475,"2018-01-30 15:19:55",HDIL,8069544,58.35
208476,"2018-01-30 15:19:55",RELIANCE,3926187,951.4
208477,"2018-01-30 15:19:55",MARUTI,548352,9573.1
208474,"2018-01-30 15:19:54",AXISBANK,6098280,594.05
208473,"2018-01-30 15:19:50",LT,1854717,1429
208470,"2018-01-30 15:19:44",JINDALSTEL,12799351,268.25
208471,"2018-01-30 15:19:44",HDFC,3952797,1942.4
208472,"2018-01-30 15:19:44",HDIL,8060397,58.35
208469,"2018-01-30 15:19:42",SBIN,24781792,313.6
208468,"2018-01-30 15:19:41",AXISBANK,6093824,594
208466,"2018-01-30 15:19:39",RELIANCE,3920361,951.4
208467,"2018-01-30 15:19:39",HDFC,3949441,1943.6
208465,"2018-01-30 15:19:37",LT,1852044,1429.15
208464,"2018-01-30 15:19:33",AXISBANK,6088249,594
208463,"2018-01-30 15:19:31",KOTAKBANK,2624006,1088.75
208461,"2018-01-30 15:19:30",JINDALSTEL,12792507,268.5
208462,"2018-01-30 15:19:30",ITC,12381124,275.4
208460,"2018-01-30 15:19:27",INFY,3707008,1169.15
208458,"2018-01-30 15:19:25",MARUTI,547017,9574.25
208459,"2018-01-30 15:19:25",LT,1851052,1429.35
208457,"2018-01-30 15:19:24",ITC,12373042,275.35
208456,"2018-01-30 15:19:23",AXISBANK,6083418,594
208455,"2018-01-30 15:19:21",TATASTEEL,5495138,776
208454,"2018-01-30 15:19:20",LT,1849798,1429.35
208453,"2018-01-30 15:19:19",ITC,12358466,275.35
208452,"2018-01-30 15:19:18",JINDALSTEL,12781137,268.3
208449,"2018-01-30 15:19:13",HDFC,3940587,1943.75
208450,"2018-01-30 15:19:13",KOTAKBANK,2617573,1089.35
208451,"2018-01-30 15:19:13",HDIL,8039918,58.3
208448,"2018-01-30 15:19:11",TATASTEEL,5491871,776
208447,"2018-01-30 15:19:08",AXISBANK,6076077,593.75
208445,"2018-01-30 15:19:07",LT,1848202,1429.8
208446,"2018-01-30 15:19:07",KOTAKBANK,2614034,1089
208444,"2018-01-30 15:19:05",HDFCBANK,1530360,1995.85
208443,"2018-01-30 15:19:04",HDIL,8030984,58.35
208442,"2018-01-30 15:19:02",SBIN,24696478,313.3
208440,"2018-01-30 15:19:00",HDFC,3937153,1943.4
208441,"2018-01-30 15:19:00",AXISBANK,6069730,593.6
208437,"2018-01-30 15:18:53",ICICIBANK,12485128,353.5
208438,"2018-01-30 15:18:53",TATASTEEL,5485634,776.3
208439,"2018-01-30 15:18:53",IDFCBANK,6345419,57.15
208435,"2018-01-30 15:18:52",HDFC,3935166,1943.2
208436,"2018-01-30 15:18:52",ITC,12351519,275.35
208434,"2018-01-30 15:18:50",JINDALSTEL,12764121,268.3
208433,"2018-01-30 15:18:49",AXISBANK,6065677,593.65
208432,"2018-01-30 15:18:48",HDFCBANK,1527546,1996.55
208431,"2018-01-30 15:18:47",ICICIBANK,12476862,353.55
208429,"2018-01-30 15:18:46",MARUTI,544617,9572.1
208430,"2018-01-30 15:18:46",HDIL,8010658,58.4
208427,"2018-01-30 15:18:42",AXISBANK,6059127,593.55
208428,"2018-01-30 15:18:42",JINDALSTEL,12748220,268.4
208425,"2018-01-30 15:18:40",KOTAKBANK,2611529,1088.7
208426,"2018-01-30 15:18:40",SBIN,24612724,313.45
208424,"2018-01-30 15:18:39",INFY,3688838,1170.35
208423,"2018-01-30 15:18:35",ICICIBANK,12463282,353.55
208421,"2018-01-30 15:18:34",KOTAKBANK,2609657,1088.85
208422,"2018-01-30 15:18:34",MARUTI,544225,9572.1
208420,"2018-01-30 15:18:33",SBIN,24590036,313.65
208419,"2018-01-30 15:18:32",IDFCBANK,6332995,57.15
208417,"2018-01-30 15:18:30",AXISBANK,6055748,593.4
208418,"2018-01-30 15:18:30",JINDALSTEL,12740552,268.45
208416,"2018-01-30 15:18:28",RELIANCE,3888201,950.45
208415,"2018-01-30 15:18:27",TATASTEEL,5466554,776.05
208414,"2018-01-30 15:18:26",MARUTI,543952,9569.4
208412,"2018-01-30 15:18:25",LT,1840193,1429.2
208413,"2018-01-30 15:18:25",INFY,3682942,1170.2
208411,"2018-01-30 15:18:24",ICICIBANK,12455517,353.65
208410,"2018-01-30 15:18:20",HDFC,3926685,1942.7
208409,"2018-01-30 15:18:19",AXISBANK,6045493,593
208407,"2018-01-30 15:18:18",SBIN,24542774,313.8
208408,"2018-01-30 15:18:18",KOTAKBANK,2604180,1087.95
208404,"2018-01-30 15:18:15",AXISBANK,6041839,593.05
208405,"2018-01-30 15:18:15",TATASTEEL,5455409,776.1
208406,"2018-01-30 15:18:15",MARUTI,543672,9570
208403,"2018-01-30 15:18:13",HDFC,3925948,1942.7
208402,"2018-01-30 15:18:12",IDFCBANK,6324461,57.1
208401,"2018-01-30 15:18:11",TATASTEEL,5453980,776.05
208400,"2018-01-30 15:18:08",HDFCBANK,1525341,1997.45
208399,"2018-01-30 15:18:07",ITC,12327117,275.35
208398,"2018-01-30 15:18:06",AXISBANK,6038988,593.05
208397,"2018-01-30 15:18:05",RELIANCE,3881126,950.05
208395,"2018-01-30 15:18:03",LT,1836602,1429.4
208396,"2018-01-30 15:18:03",RELIANCE,3874598,950.5
208394,"2018-01-30 15:18:02",ITC,12326305,275.35
208393,"2018-01-30 15:18:01",MARUTI,543349,9572
208392,"2018-01-30 15:17:58",SBIN,24479277,313.8
208391,"2018-01-30 15:17:57",TATASTEEL,5442589,776
208390,"2018-01-30 15:17:55",HDFCBANK,1524358,1997.3
208389,"2018-01-30 15:17:54",LT,1835223,1429.45
208385,"2018-01-30 15:17:53",IDFCBANK,6282892,57.15
208386,"2018-01-30 15:17:53",TATASTEEL,5436704,776.4
208387,"2018-01-30 15:17:53",ITC,12317895,275.35
208388,"2018-01-30 15:17:53",AXISBANK,6034122,593.25
208384,"2018-01-30 15:17:48",AXISBANK,6031812,593
208383,"2018-01-30 15:17:47",HDFC,3920714,1941.65
208381,"2018-01-30 15:17:46",IDFCBANK,6277614,57.15
208382,"2018-01-30 15:17:46",HDIL,7963370,58.35
208380,"2018-01-30 15:17:44",RELIANCE,3868615,950.3
208379,"2018-01-30 15:17:43",INFY,3669715,1170
208377,"2018-01-30 15:17:37",INFY,3667875,1170
208378,"2018-01-30 15:17:37",KOTAKBANK,2600506,1088.35
208376,"2018-01-30 15:17:35",AXISBANK,6029648,593.3
208373,"2018-01-30 15:17:34",HDFCBANK,1523299,1997
208374,"2018-01-30 15:17:34",AXISBANK,6019744,593.3
208375,"2018-01-30 15:17:34",HDIL,7902598,58.45
208371,"2018-01-30 15:17:31",ITC,12301149,275.3
208372,"2018-01-30 15:17:31",HDFCBANK,1521919,1996.4
208370,"2018-01-30 15:17:28",SBIN,24398029,313.75
208366,"2018-01-30 15:17:27",INFY,3664100,1169.6
208367,"2018-01-30 15:17:27",AXISBANK,6019744,593.3
208368,"2018-01-30 15:17:27",TATASTEEL,5394125,776.6
208369,"2018-01-30 15:17:27",AXISBANK,6015355,593.3
208365,"2018-01-30 15:17:25",RELIANCE,3864328,950.3
208364,"2018-01-30 15:17:23",HDFC,3913152,1941.7
208362,"2018-01-30 15:17:22",ITC,12298105,275.3
208363,"2018-01-30 15:17:22",LT,1826283,1427.6
208361,"2018-01-30 15:17:21",INFY,3662564,1169.55
208360,"2018-01-30 15:17:18",AXISBANK,6015355,593.3
208358,"2018-01-30 15:17:17",JINDALSTEL,12696243,268.45
208359,"2018-01-30 15:17:17",MARUTI,540692,9570.75
208357,"2018-01-30 15:17:16",RELIANCE,3862521,950.3
208356,"2018-01-30 15:17:14",IDFCBANK,6257853,57.15
208355,"2018-01-30 15:17:13",SBIN,24387476,313.7
208354,"2018-01-30 15:17:12",RELIANCE,3856863,950.2
208353,"2018-01-30 15:17:11",MARUTI,540511,9571.05
208351,"2018-01-30 15:17:09",HDFC,3910273,1941.75
208352,"2018-01-30 15:17:09",HDIL,7891778,58.4
208348,"2018-01-30 15:17:06",ITC,12293100,275.2
208349,"2018-01-30 15:17:06",KOTAKBANK,2598326,1088.5
208350,"2018-01-30 15:17:06",AXISBANK,6011266,593
208346,"2018-01-30 15:17:03",LT,1825680,1427.5
208347,"2018-01-30 15:17:03",INFY,3662128,1170
208344,"2018-01-30 15:17:01",AXISBANK,6007885,593.35
208345,"2018-01-30 15:17:01",RELIANCE,3847821,949.9
208343,"2018-01-30 15:17:00",KOTAKBANK,2597439,1088.5
208342,"2018-01-30 15:16:58",IDFCBANK,6247702,57.15
208341,"2018-01-30 15:16:56",HDIL,7823710,58.35
208340,"2018-01-30 15:16:55",TATASTEEL,5359121,776.3
208339,"2018-01-30 15:16:54",ITC,12289656,275.25
208338,"2018-01-30 15:16:49",INFY,3656972,1168.35
208336,"2018-01-30 15:16:47",ITC,12287708,275.25
208337,"2018-01-30 15:16:47",MARUTI,539736,9570.1
208335,"2018-01-30 15:16:46",RELIANCE,3843159,949.95
208334,"2018-01-30 15:16:44",ICICIBANK,12358008,353.55
208333,"2018-01-30 15:16:43",AXISBANK,6004837,593.45
208332,"2018-01-30 15:16:41",ITC,12283995,275.25
208331,"2018-01-30 15:16:40",HDFCBANK,1519490,1996.4
208330,"2018-01-30 15:16:39",IDFCBANK,6245334,57.15
208329,"2018-01-30 15:16:37",JINDALSTEL,12657516,268.3
208328,"2018-01-30 15:16:36",RELIANCE,3833135,949.25
208327,"2018-01-30 15:16:35",AXISBANK,5998700,593.4
208326,"2018-01-30 15:16:32",ICICIBANK,12340000,353.55
208325,"2018-01-30 15:16:29",TATASTEEL,5346305,775.95
208323,"2018-01-30 15:16:28",LT,1817094,1426.9
208324,"2018-01-30 15:16:28",HDFCBANK,1517423,1996.6
208321,"2018-01-30 15:16:26",IDFCBANK,6243626,57.15
208322,"2018-01-30 15:16:26",JINDALSTEL,12647997,268.1
208320,"2018-01-30 15:16:25",AXISBANK,5987040,593.45
208319,"2018-01-30 15:16:24",MARUTI,538321,9566.2
208318,"2018-01-30 15:16:23",RELIANCE,3826319,949.5
208317,"2018-01-30 15:16:22",HDFC,3900751,1942.15
208316,"2018-01-30 15:16:21",ICICIBANK,12313047,353.6
208314,"2018-01-30 15:16:20",AXISBANK,5967215,594.25
208315,"2018-01-30 15:16:20",HDIL,7788162,58.45
208313,"2018-01-30 15:16:19",MARUTI,531905,9576.6
208312,"2018-01-30 15:16:16",HDFCBANK,1513178,1996.1
208310,"2018-01-30 15:16:14",ITC,12245310,275.2
208311,"2018-01-30 15:16:14",KOTAKBANK,2590356,1088.3
208309,"2018-01-30 15:16:13",HDFC,3891843,1942.8
208308,"2018-01-30 15:16:12",AXISBANK,5966271,593.95
208306,"2018-01-30 15:16:09",AXISBANK,5965172,594.25
208307,"2018-01-30 15:16:09",JINDALSTEL,12600057,268.3
208304,"2018-01-30 15:16:08",KOTAKBANK,2590249,1088.25
208305,"2018-01-30 15:16:08",INFY,3639838,1169.8
208302,"2018-01-30 15:16:05",RELIANCE,3792769,950.4
208303,"2018-01-30 15:16:05",IDFCBANK,6199791,57.25
208300,"2018-01-30 15:16:04",ITC,12232149,275.2
208301,"2018-01-30 15:16:04",HDFC,3888096,1942.75
208298,"2018-01-30 15:16:03",AXISBANK,5962191,593.5
208299,"2018-01-30 15:16:03",HDFCBANK,1509778,1996.5
208297,"2018-01-30 15:16:00",KOTAKBANK,2589366,1087.9
208296,"2018-01-30 15:15:59",IDFCBANK,6187038,57.25
208295,"2018-01-30 15:15:58",MARUTI,530806,9575
208294,"2018-01-30 15:15:57",LT,1809709,1426.55
208293,"2018-01-30 15:15:56",TATASTEEL,5309998,775.65
208292,"2018-01-30 15:15:54",INFY,3636325,1169.85
208291,"2018-01-30 15:15:53",AXISBANK,5952314,594
208289,"2018-01-30 15:15:51",LT,1806368,1426.6
208290,"2018-01-30 15:15:51",HDIL,7767352,58.45
208288,"2018-01-30 15:15:47",JINDALSTEL,12556323,268.5
208285,"2018-01-30 15:15:45",TATASTEEL,5305130,775
208286,"2018-01-30 15:15:45",ITC,12211193,275.1
208287,"2018-01-30 15:15:45",RELIANCE,3777994,950.25
208284,"2018-01-30 15:15:44",AXISBANK,5938777,594.6
208283,"2018-01-30 15:15:41",HDFCBANK,1506992,1995.5
208280,"2018-01-30 15:15:38",ITC,12197953,275.05
208281,"2018-01-30 15:15:38",LT,1804722,1426.55
208282,"2018-01-30 15:15:38",HDFC,3880638,1942.05
208279,"2018-01-30 15:15:34",HDFCBANK,1502774,1995.65
208276,"2018-01-30 15:15:33",HDIL,7749572,58.4
208277,"2018-01-30 15:15:33",AXISBANK,5928004,594.55
208278,"2018-01-30 15:15:33",INFY,3612347,1169.5
208275,"2018-01-30 15:15:32",ITC,12182996,275.05
208274,"2018-01-30 15:15:28",HDFCBANK,1501079,1996.3
208271,"2018-01-30 15:15:26",KOTAKBANK,2585561,1088.1
208272,"2018-01-30 15:15:26",AXISBANK,5920714,594.6
208273,"2018-01-30 15:15:26",RELIANCE,3766033,950.25
208270,"2018-01-30 15:15:23",SBIN,23850880,313.95
208268,"2018-01-30 15:15:20",HDIL,7692591,58.45
208269,"2018-01-30 15:15:20",ICICIBANK,12210512,353.6
208267,"2018-01-30 15:15:19",HDFC,3873823,1942
208266,"2018-01-30 15:15:16",TATASTEEL,5280407,774
208264,"2018-01-30 15:15:15",SBIN,23840001,313.85
208265,"2018-01-30 15:15:15",AXISBANK,5915183,594.6
208262,"2018-01-30 15:15:14",AXISBANK,5909452,594.55
208263,"2018-01-30 15:15:14",LT,1801624,1426.7
208261,"2018-01-30 15:15:13",AXISBANK,5915183,594.6
208260,"2018-01-30 15:15:12",JINDALSTEL,12511510,268.25
208259,"2018-01-30 15:15:11",HDFCBANK,1497304,1995.5
208258,"2018-01-30 15:15:09",ICICIBANK,12198401,353.55
208256,"2018-01-30 15:15:07",TATASTEEL,5276008,774.05
208257,"2018-01-30 15:15:07",SBIN,23811366,314
208255,"2018-01-30 15:15:06",HDIL,7691571,58.5
208253,"2018-01-30 15:15:04",IDFCBANK,6115211,57.05
208254,"2018-01-30 15:15:04",KOTAKBANK,2582905,1087.9
208251,"2018-01-30 15:15:02",LT,1799209,1426.7
208252,"2018-01-30 15:15:02",AXISBANK,5909452,594.55
208250,"2018-01-30 15:14:59",RELIANCE,3754505,950.2
208249,"2018-01-30 15:14:57",TATASTEEL,5263668,774
208248,"2018-01-30 15:14:56",INFY,3599556,1168.9
208247,"2018-01-30 15:14:54",SBIN,23800982,314
208246,"2018-01-30 15:14:53",KOTAKBANK,2582619,1087.9
208245,"2018-01-30 15:14:52",JINDALSTEL,12500438,268.4
208243,"2018-01-30 15:14:51",AXISBANK,5904245,594.5
208244,"2018-01-30 15:14:51",ICICIBANK,12187013,353.5
208242,"2018-01-30 15:14:50",TATASTEEL,5259987,774
208240,"2018-01-30 15:14:49",INFY,3597951,1168.85
208241,"2018-01-30 15:14:49",HDFCBANK,1495914,1995.05
208239,"2018-01-30 15:14:45",IDFCBANK,6112306,57.05
208236,"2018-01-30 15:14:43",LT,1793080,1427
208237,"2018-01-30 15:14:43",RELIANCE,3753792,950.25
208238,"2018-01-30 15:14:43",KOTAKBANK,2582077,1088.25
208235,"2018-01-30 15:14:34",TATASTEEL,5248778,773.85
208234,"2018-01-30 15:14:33",AXISBANK,5897305,594.45
208233,"2018-01-30 15:14:32",KOTAKBANK,2579993,1087.7
208232,"2018-01-30 15:14:31",ITC,12038412,275
208231,"2018-01-30 15:14:29",MARUTI,526348,9570.15
208230,"2018-01-30 15:14:27",AXISBANK,5893900,594.15
208227,"2018-01-30 15:14:20",KOTAKBANK,2579589,1087.8
208228,"2018-01-30 15:14:20",ITC,11950702,275.15
208229,"2018-01-30 15:14:20",INFY,3593982,1168.45
208225,"2018-01-30 15:14:16",HDFC,3848908,1938.8
208226,"2018-01-30 15:14:16",HDIL,7663893,58.35
208224,"2018-01-30 15:14:15",AXISBANK,5883823,594
208223,"2018-01-30 15:14:11",KOTAKBANK,2578404,1088.3
208222,"2018-01-30 15:14:09",RELIANCE,3736730,950.35
208221,"2018-01-30 15:14:07",HDIL,7663513,58.4
208220,"2018-01-30 15:14:06",IDFCBANK,6086792,57
208219,"2018-01-30 15:14:05",LT,1785528,1428.1
208218,"2018-01-30 15:14:04",SBIN,23726062,313.75
208217,"2018-01-30 15:14:03",JINDALSTEL,12479978,268.45
208216,"2018-01-30 15:13:59",RELIANCE,3725449,950.2
208215,"2018-01-30 15:13:58",HDFCBANK,1491697,1995.5
208214,"2018-01-30 15:13:56",ITC,11909013,275.15
208213,"2018-01-30 15:13:55",MARUTI,523785,9570
208212,"2018-01-30 15:13:54",AXISBANK,5876996,594.05
208211,"2018-01-30 15:13:50",TATASTEEL,5224930,773.45
208210,"2018-01-30 15:13:48",INFY,3581686,1168
208208,"2018-01-30 15:13:47",HDIL,7614665,58.45
208209,"2018-01-30 15:13:47",LT,1782974,1428.55
208206,"2018-01-30 15:13:45",ITC,11896846,275.1
208207,"2018-01-30 15:13:45",KOTAKBANK,2573866,1088.3
208205,"2018-01-30 15:13:44",SBIN,23649976,313.8
208204,"2018-01-30 15:13:43",JINDALSTEL,12467207,268.55
208203,"2018-01-30 15:13:42",AXISBANK,5872418,594.05
208200,"2018-01-30 15:13:40",HDFCBANK,1490283,1995.15
208201,"2018-01-30 15:13:40",KOTAKBANK,2573033,1088.05
208202,"2018-01-30 15:13:40",IDFCBANK,6070857,57.1
208199,"2018-01-30 15:13:38",ICICIBANK,12068672,353.1
208198,"2018-01-30 15:13:37",INFY,3569787,1169.1
208197,"2018-01-30 15:13:32",HDIL,7611886,58.45
208195,"2018-01-30 15:13:30",RELIANCE,3709198,950.7
208196,"2018-01-30 15:13:30",LT,1780683,1428.2
208194,"2018-01-30 15:13:29",IDFCBANK,6030755,57.15
208192,"2018-01-30 15:13:24",AXISBANK,5863356,594.05
208193,"2018-01-30 15:13:24",TATASTEEL,5207063,773.55
208190,"2018-01-30 15:13:22",HDFC,3829227,1936.55
208191,"2018-01-30 15:13:22",INFY,3568587,1169.1
208189,"2018-01-30 15:13:21",SBIN,23603656,313.8
208188,"2018-01-30 15:13:19",ITC,11843552,275.05
208187,"2018-01-30 15:13:17",ICICIBANK,12045402,353.05
208186,"2018-01-30 15:13:15",AXISBANK,5858993,594.05
208185,"2018-01-30 15:13:14",HDFCBANK,1488077,1995.9
208184,"2018-01-30 15:13:13",TATASTEEL,5205808,773.5
208183,"2018-01-30 15:13:10",AXISBANK,5853979,593.95
208182,"2018-01-30 15:13:08",HDFCBANK,1485971,1995.05
208181,"2018-01-30 15:13:07",LT,1775097,1427.75
208180,"2018-01-30 15:13:04",IDFCBANK,6003546,57.05
208177,"2018-01-30 15:13:03",HDFC,3827782,1936.3
208178,"2018-01-30 15:13:03",HDIL,7523240,58.55
208179,"2018-01-30 15:13:03",ITC,11834788,275.15
208176,"2018-01-30 15:13:01",AXISBANK,5850285,593.9
208175,"2018-01-30 15:12:59",TATASTEEL,5200892,773.6
208174,"2018-01-30 15:12:57",KOTAKBANK,2567660,1088.1
208173,"2018-01-30 15:12:56",MARUTI,522436,9570
208171,"2018-01-30 15:12:49",JINDALSTEL,12434459,268.45
208172,"2018-01-30 15:12:49",HDIL,7510640,58.5
208168,"2018-01-30 15:12:45",MARUTI,521960,9571.35
208169,"2018-01-30 15:12:45",AXISBANK,5845742,593.9
208170,"2018-01-30 15:12:45",TATASTEEL,5198820,773.7
208167,"2018-01-30 15:12:42",RELIANCE,3682773,949.95
208165,"2018-01-30 15:12:40",MARUTI,521642,9565.25
208166,"2018-01-30 15:12:40",JINDALSTEL,12430416,268.5
208164,"2018-01-30 15:12:39",HDFCBANK,1483176,1995.05
208163,"2018-01-30 15:12:35",ICICIBANK,12004866,352.75
208162,"2018-01-30 15:12:34",AXISBANK,5843481,593.75
208161,"2018-01-30 15:12:33",LT,1772049,1427.8
208160,"2018-01-30 15:12:31",ITC,11758301,275.15
208159,"2018-01-30 15:12:30",MARUTI,520976,9571.55
208158,"2018-01-30 15:12:27",AXISBANK,5839387,593.4
208157,"2018-01-30 15:12:25",JINDALSTEL,12424666,268.25
208156,"2018-01-30 15:12:24",HDIL,7505488,58.55
208155,"2018-01-30 15:12:23",RELIANCE,3670711,949.7
208153,"2018-01-30 15:12:21",ITC,11743362,275.15
208154,"2018-01-30 15:12:21",AXISBANK,5828454,593.35
208152,"2018-01-30 15:12:17",MARUTI,520352,9571.65
208151,"2018-01-30 15:12:16",AXISBANK,5827084,593.35
208150,"2018-01-30 15:12:15",LT,1766793,1427
208149,"2018-01-30 15:12:14",JINDALSTEL,12417114,268.15
208148,"2018-01-30 15:12:13",RELIANCE,3660140,949.3
208146,"2018-01-30 15:12:11",LT,1765263,1427
208147,"2018-01-30 15:12:11",HDIL,7484940,58.5
208144,"2018-01-30 15:12:10",SBIN,23505288,313.55
208145,"2018-01-30 15:12:10",TATASTEEL,5192602,773.7
208142,"2018-01-30 15:12:08",JINDALSTEL,12412552,268.25
208143,"2018-01-30 15:12:08",MARUTI,520300,9571.55
208141,"2018-01-30 15:12:06",ICICIBANK,11970271,352.95
208138,"2018-01-30 15:12:03",AXISBANK,5819258,593.05
208139,"2018-01-30 15:12:03",IDFCBANK,5961287,57.05
208140,"2018-01-30 15:12:03",HDIL,7481706,58.5
208137,"2018-01-30 15:12:01",HDFCBANK,1479716,1995.1
208136,"2018-01-30 15:11:56",RELIANCE,3647806,949.6
208135,"2018-01-30 15:11:53",AXISBANK,5816396,593.35
208132,"2018-01-30 15:11:52",IDFCBANK,5957983,57.05
208133,"2018-01-30 15:11:52",INFY,3535612,1167.8
208134,"2018-01-30 15:11:52",ITC,11702508,275.05
208131,"2018-01-30 15:11:51",ICICIBANK,11954716,352.85
208130,"2018-01-30 15:11:47",HDIL,7468110,58.5
208128,"2018-01-30 15:11:42",RELIANCE,3646535,949.6
208129,"2018-01-30 15:11:42",KOTAKBANK,2558757,1088.05
208127,"2018-01-30 15:11:40",HDFCBANK,1478090,1995.1
208124,"2018-01-30 15:11:39",INFY,3527247,1167.05
208125,"2018-01-30 15:11:39",ICICIBANK,11933683,353.3
208126,"2018-01-30 15:11:39",AXISBANK,5813337,593.45
208123,"2018-01-30 15:11:36",LT,1757857,1426
208121,"2018-01-30 15:11:34",ITC,11684708,275.05
208122,"2018-01-30 15:11:34",IDFCBANK,5947237,57.1
208120,"2018-01-30 15:11:32",RELIANCE,3642107,949.55
208119,"2018-01-30 15:11:31",AXISBANK,5809542,593.4
208118,"2018-01-30 15:11:30",JINDALSTEL,12396259,268.45
208116,"2018-01-30 15:11:29",HDIL,7466120,58.5
208117,"2018-01-30 15:11:29",MARUTI,519153,9572.4
208115,"2018-01-30 15:11:25",AXISBANK,5805139,593.4
208112,"2018-01-30 15:11:23",SBIN,23415728,313.75
208113,"2018-01-30 15:11:23",IDFCBANK,5947016,57.1
208114,"2018-01-30 15:11:23",TATASTEEL,5163342,773.75
208110,"2018-01-30 15:11:22",HDFCBANK,1477050,1995.9
208111,"2018-01-30 15:11:22",LT,1757608,1426.15
208108,"2018-01-30 15:11:21",LT,1751361,1426.4
208109,"2018-01-30 15:11:21",ICICIBANK,11923072,353.25
208107,"2018-01-30 15:11:18",KOTAKBANK,2554202,1088
208106,"2018-01-30 15:11:16",INFY,3524993,1167.25
208103,"2018-01-30 15:11:14",AXISBANK,5799402,593.4
208104,"2018-01-30 15:11:14",TATASTEEL,5160627,773.75
208105,"2018-01-30 15:11:14",JINDALSTEL,12383482,268.55
208102,"2018-01-30 15:11:10",IDFCBANK,5937601,57.1
208101,"2018-01-30 15:11:08",INFY,3521265,1167.4
208100,"2018-01-30 15:11:07",MARUTI,518119,9575.4
208099,"2018-01-30 15:11:05",RELIANCE,3634594,949.65
208097,"2018-01-30 15:11:04",TATASTEEL,5158519,773.8
208098,"2018-01-30 15:11:04",SBIN,23390986,313.7
208095,"2018-01-30 15:11:03",AXISBANK,5792953,593.7
208096,"2018-01-30 15:11:03",ICICIBANK,11912301,353.35
208094,"2018-01-30 15:11:00",ITC,11656615,275.15
208093,"2018-01-30 15:10:59",TATASTEEL,5156393,773.85
208092,"2018-01-30 15:10:58",INFY,3518526,1167.2
208091,"2018-01-30 15:10:57",LT,1740632,1427.3
208089,"2018-01-30 15:10:56",HDIL,7402557,58.5
208090,"2018-01-30 15:10:56",SBIN,23361940,313.75
208088,"2018-01-30 15:10:54",AXISBANK,5789156,594
208086,"2018-01-30 15:10:53",KOTAKBANK,2551861,1088
208087,"2018-01-30 15:10:53",LT,1739797,1427.1
208085,"2018-01-30 15:10:52",SBIN,23340769,313.6
208084,"2018-01-30 15:10:48",KOTAKBANK,2551540,1088
208083,"2018-01-30 15:10:46",RELIANCE,3630053,949.6
208080,"2018-01-30 15:10:45",AXISBANK,5785088,594.1
208081,"2018-01-30 15:10:45",HDFC,3784600,1936
208082,"2018-01-30 15:10:45",HDIL,7399852,58.55
208078,"2018-01-30 15:10:42",TATASTEEL,5151216,774.05
208079,"2018-01-30 15:10:42",MARUTI,517291,9577.25
208076,"2018-01-30 15:10:40",SBIN,23322259,313.65
208077,"2018-01-30 15:10:40",HDFC,3777924,1934.9
208074,"2018-01-30 15:10:39",HDIL,7387576,58.6
208075,"2018-01-30 15:10:39",INFY,3506294,1168.75
208073,"2018-01-30 15:10:37",ICICIBANK,11873521,353.3
208072,"2018-01-30 15:10:36",RELIANCE,3627923,949.7
208071,"2018-01-30 15:10:34",AXISBANK,5781145,594.15
208070,"2018-01-30 15:10:32",ICICIBANK,11866036,353.35
208069,"2018-01-30 15:10:31",IDFCBANK,5921403,57.1
208068,"2018-01-30 15:10:28",ITC,11643529,275.15
208067,"2018-01-30 15:10:27",INFY,3503988,1168.7
208065,"2018-01-30 15:10:26",LT,1737544,1427.5
208066,"2018-01-30 15:10:26",TATASTEEL,5147808,774
208064,"2018-01-30 15:10:25",AXISBANK,5775853,594
208063,"2018-01-30 15:10:22",JINDALSTEL,12306251,268.3
208062,"2018-01-30 15:10:21",RELIANCE,3617371,949.75
208061,"2018-01-30 15:10:18",ICICIBANK,11845931,353.45
208060,"2018-01-30 15:10:17",KOTAKBANK,2549420,1088.65
208058,"2018-01-30 15:10:16",AXISBANK,5773414,594
208059,"2018-01-30 15:10:16",TATASTEEL,5144839,774
208056,"2018-01-30 15:10:15",LT,1735590,1427.05
208057,"2018-01-30 15:10:15",MARUTI,516463,9577.2
208055,"2018-01-30 15:10:14",SBIN,23276233,313.3
208054,"2018-01-30 15:10:11",SBIN,23259455,313.3
208052,"2018-01-30 15:10:09",IDFCBANK,5910617,57.1
208053,"2018-01-30 15:10:09",HDFCBANK,1467127,1995.8
208051,"2018-01-30 15:10:07",MARUTI,516238,9575.1
208050,"2018-01-30 15:10:05",AXISBANK,5762698,594
208049,"2018-01-30 15:10:03",HDFC,3763718,1934.9
208048,"2018-01-30 15:10:02",ITC,11602241,275.15
208047,"2018-01-30 15:09:59",RELIANCE,3599418,949.6
208046,"2018-01-30 15:09:57",IDFCBANK,5903079,57.1
208044,"2018-01-30 15:09:56",ICICIBANK,11812803,353.3
208045,"2018-01-30 15:09:56",ICICIBANK,11817054,353.25
208043,"2018-01-30 15:09:55",AXISBANK,5753704,593.8
208042,"2018-01-30 15:09:54",SBIN,23236779,313.4
208041,"2018-01-30 15:09:53",TATASTEEL,5126726,774.1
208040,"2018-01-30 15:09:51",JINDALSTEL,12288088,268.5
208038,"2018-01-30 15:09:48",AXISBANK,5750941,593.85
208039,"2018-01-30 15:09:48",MARUTI,515883,9574.7
208036,"2018-01-30 15:09:47",HDFCBANK,1465585,1995.75
208037,"2018-01-30 15:09:47",HDFC,3758785,1934.9
208035,"2018-01-30 15:09:43",ITC,11593734,275.1
208034,"2018-01-30 15:09:39",HDIL,7365795,58.6
208033,"2018-01-30 15:09:38",MARUTI,515341,9570.4
208030,"2018-01-30 15:09:37",AXISBANK,5748944,593.75
208031,"2018-01-30 15:09:37",INFY,3484222,1168.2
208032,"2018-01-30 15:09:37",RELIANCE,3585638,949.9
208029,"2018-01-30 15:09:33",HDFCBANK,1464802,1995.65
208027,"2018-01-30 15:09:31",SBIN,23210953,313.25
208028,"2018-01-30 15:09:31",ICICIBANK,11799521,353.15
208026,"2018-01-30 15:09:29",JINDALSTEL,12280119,268.2
208025,"2018-01-30 15:09:27",MARUTI,515184,9570.5
208022,"2018-01-30 15:09:24",SBIN,23189224,313.35
208023,"2018-01-30 15:09:24",ICICIBANK,11792838,353.3
208024,"2018-01-30 15:09:24",AXISBANK,5741235,593.75
208019,"2018-01-30 15:09:23",HDIL,7342149,58.6
208020,"2018-01-30 15:09:23",INFY,3479841,1168.1
208021,"2018-01-30 15:09:23",IDFCBANK,5891893,57.05
208018,"2018-01-30 15:09:19",AXISBANK,5737144,593.75
208016,"2018-01-30 15:09:18",MARUTI,514981,9570.5
208017,"2018-01-30 15:09:18",LT,1725464,1428.35
208015,"2018-01-30 15:09:12",HDFC,3748322,1935
208012,"2018-01-30 15:09:11",JINDALSTEL,12258715,268
208013,"2018-01-30 15:09:11",TATASTEEL,5120803,774
208014,"2018-01-30 15:09:11",LT,1724196,1428.25
208011,"2018-01-30 15:09:10",INFY,3476175,1168
208010,"2018-01-30 15:09:07",KOTAKBANK,2543616,1088.35
208009,"2018-01-30 15:09:06",AXISBANK,5732548,593.9
208007,"2018-01-30 15:09:05",LT,1723605,1428.25
208008,"2018-01-30 15:09:05",MARUTI,514691,9570.1
208004,"2018-01-30 15:09:04",IDFCBANK,5882923,57.1
208005,"2018-01-30 15:09:04",HDFCBANK,1459669,1994.65
208006,"2018-01-30 15:09:04",HDFC,3746393,1934.45
208003,"2018-01-30 15:09:01",ITC,11552192,275.05
208002,"2018-01-30 15:08:59",HDIL,7335970,58.6
208001,"2018-01-30 15:08:58",KOTAKBANK,2543227,1088.3
207999,"2018-01-30 15:08:56",JINDALSTEL,12253928,268.25
208000,"2018-01-30 15:08:56",AXISBANK,5728928,593.9
207997,"2018-01-30 15:08:51",IDFCBANK,5882376,57.1
207998,"2018-01-30 15:08:51",LT,1723270,1428.2
207995,"2018-01-30 15:08:50",MARUTI,513932,9570.95
207996,"2018-01-30 15:08:50",TATASTEEL,5118622,774.1
207994,"2018-01-30 15:08:48",HDIL,7335135,58.55
207993,"2018-01-30 15:08:47",AXISBANK,5726759,593.8
207992,"2018-01-30 15:08:46",HDFCBANK,1459207,1994.6
207991,"2018-01-30 15:08:43",TATASTEEL,5116937,774.1
207990,"2018-01-30 15:08:42",ITC,11538584,275.05
207989,"2018-01-30 15:08:39",KOTAKBANK,2539909,1088.5
207987,"2018-01-30 15:08:38",RELIANCE,3568408,949.95
207988,"2018-01-30 15:08:38",HDIL,7329316,58.55
207986,"2018-01-30 15:08:37",INFY,3469031,1167.5
207984,"2018-01-30 15:08:35",JINDALSTEL,12222716,268.4
207985,"2018-01-30 15:08:35",AXISBANK,5721076,593.8
207983,"2018-01-30 15:08:34",HDFCBANK,1457448,1995.15
207982,"2018-01-30 15:08:33",LT,1720795,1427.6
207980,"2018-01-30 15:08:32",KOTAKBANK,2539609,1088.35
207981,"2018-01-30 15:08:32",AXISBANK,5717012,593.85
207979,"2018-01-30 15:08:30",HDIL,7322746,58.55
207978,"2018-01-30 15:08:28",TATASTEEL,5116519,774.25
207977,"2018-01-30 15:08:27",HDFC,3742433,1934.5
207976,"2018-01-30 15:08:24",JINDALSTEL,12219351,268.3
207975,"2018-01-30 15:08:21",INFY,3462750,1166.9
207973,"2018-01-30 15:08:20",MARUTI,512998,9571.25
207974,"2018-01-30 15:08:20",ITC,11522370,275.05
207970,"2018-01-30 15:08:18",HDFC,3740285,1934.45
207971,"2018-01-30 15:08:18",AXISBANK,5710560,593.8
207972,"2018-01-30 15:08:18",RELIANCE,3562636,949.95
207969,"2018-01-30 15:08:15",IDFCBANK,5854339,57.1
207967,"2018-01-30 15:08:14",SBIN,23121092,313.25
207968,"2018-01-30 15:08:14",HDFCBANK,1454738,1995
207966,"2018-01-30 15:08:13",JINDALSTEL,12217923,268.6
207965,"2018-01-30 15:08:12",AXISBANK,5707790,593.8
207964,"2018-01-30 15:08:11",ITC,11516122,275.05
207963,"2018-01-30 15:08:10",HDFC,3739704,1934.35
207962,"2018-01-30 15:08:09",HDFC,3738828,1934.5
207960,"2018-01-30 15:08:08",IDFCBANK,5853979,57.05
207961,"2018-01-30 15:08:08",HDIL,7319435,58.5
207959,"2018-01-30 15:08:07",TATASTEEL,5074074,774.3
207958,"2018-01-30 15:08:06",INFY,3460121,1167.7
207957,"2018-01-30 15:08:05",HDIL,7291261,58.65
207955,"2018-01-30 15:08:03",IDFCBANK,5851279,57.05
207956,"2018-01-30 15:08:03",TATASTEEL,5072435,774.6
207954,"2018-01-30 15:08:02",SBIN,23093902,313.35
207953,"2018-01-30 15:08:00",HDFC,3736467,1933.95
207952,"2018-01-30 15:07:59",KOTAKBANK,2537044,1088.6
207950,"2018-01-30 15:07:57",HDFCBANK,1451695,1995.6
207951,"2018-01-30 15:07:57",INFY,3458244,1167.8
207949,"2018-01-30 15:07:56",AXISBANK,5692471,593.65
207948,"2018-01-30 15:07:55",INFY,3457204,1167.9
207947,"2018-01-30 15:07:54",ITC,11496280,275.15
207946,"2018-01-30 15:07:52",ICICIBANK,11693247,353.8
207944,"2018-01-30 15:07:51",AXISBANK,5684374,593.5
207945,"2018-01-30 15:07:51",HDFCBANK,1450172,1995.15
207943,"2018-01-30 15:07:50",LT,1715935,1426.8
207942,"2018-01-30 15:07:49",TATASTEEL,5069439,774.05
207941,"2018-01-30 15:07:48",KOTAKBANK,2536842,1088.6
207938,"2018-01-30 15:07:46",HDFC,3732843,1933
207939,"2018-01-30 15:07:46",RELIANCE,3543375,950.25
207940,"2018-01-30 15:07:46",IDFCBANK,5850490,57.1
207937,"2018-01-30 15:07:43",SBIN,23076565,313.5
207936,"2018-01-30 15:07:41",HDIL,7286020,58.6
207934,"2018-01-30 15:07:40",IDFCBANK,5850467,57.1
207935,"2018-01-30 15:07:40",AXISBANK,5681064,593.2
207933,"2018-01-30 15:07:38",ICICIBANK,11678744,353.55
207931,"2018-01-30 15:07:36",TATASTEEL,5059644,773.8
207932,"2018-01-30 15:07:36",ITC,11484524,275.15
207930,"2018-01-30 15:07:34",HDFCBANK,1448667,1995.1
207929,"2018-01-30 15:07:33",KOTAKBANK,2535434,1088.45
207928,"2018-01-30 15:07:30",AXISBANK,5662763,592.9
207927,"2018-01-30 15:07:29",RELIANCE,3541865,950.25
207925,"2018-01-30 15:07:27",INFY,3451604,1168.05
207926,"2018-01-30 15:07:27",LT,1713043,1426.3
207924,"2018-01-30 15:07:24",RELIANCE,3540001,950.25
207923,"2018-01-30 15:07:23",TATASTEEL,5053214,773.4
207921,"2018-01-30 15:07:22",IDFCBANK,5839216,57.1
207922,"2018-01-30 15:07:22",SBIN,23012436,313.1
207918,"2018-01-30 15:07:21",ICICIBANK,11664369,353.5
207919,"2018-01-30 15:07:21",AXISBANK,5659613,592.85
207920,"2018-01-30 15:07:21",KOTAKBANK,2533630,1088.6
207917,"2018-01-30 15:07:20",MARUTI,511832,9574.6
207916,"2018-01-30 15:07:17",HDFCBANK,1446956,1995.4
207915,"2018-01-30 15:07:16",KOTAKBANK,2533385,1088.95
207914,"2018-01-30 15:07:15",RELIANCE,3538757,950.25
207912,"2018-01-30 15:07:13",TATASTEEL,5052342,773.35
207913,"2018-01-30 15:07:13",AXISBANK,5651232,592.75
207911,"2018-01-30 15:07:11",SBIN,22991856,313
207910,"2018-01-30 15:07:09",LT,1710649,1426
207908,"2018-01-30 15:07:08",MARUTI,511211,9576.6
207909,"2018-01-30 15:07:08",TATASTEEL,5046953,773.35
207907,"2018-01-30 15:07:07",AXISBANK,5644333,592.75
207905,"2018-01-30 15:07:04",RELIANCE,3535759,950.25
207906,"2018-01-30 15:07:04",KOTAKBANK,2532433,1088.65
207903,"2018-01-30 15:07:02",INFY,3441178,1167.65
207904,"2018-01-30 15:07:02",JINDALSTEL,12132555,267.9
207902,"2018-01-30 15:06:58",SBIN,22973384,313
207900,"2018-01-30 15:06:57",IDFCBANK,5798579,57.1
207901,"2018-01-30 15:06:57",AXISBANK,5641571,592.8
207899,"2018-01-30 15:06:56",JINDALSTEL,12131913,267.9
207898,"2018-01-30 15:06:55",KOTAKBANK,2530772,1089.1
207896,"2018-01-30 15:06:54",HDFC,3719384,1933.75
207897,"2018-01-30 15:06:54",LT,1709625,1426.45
207895,"2018-01-30 15:06:51",IDFCBANK,5796326,57.1
207894,"2018-01-30 15:06:50",HDFCBANK,1439585,1996.15
207892,"2018-01-30 15:06:49",HDIL,7281158,58.6
207893,"2018-01-30 15:06:49",HDFC,3718369,1934.1
207891,"2018-01-30 15:06:48",MARUTI,510646,9577.7
207890,"2018-01-30 15:06:46",AXISBANK,5635255,592.9
207888,"2018-01-30 15:06:45",JINDALSTEL,12130083,268.05
207889,"2018-01-30 15:06:45",SBIN,22950369,313.05
207887,"2018-01-30 15:06:44",IDFCBANK,5785664,57.05
207886,"2018-01-30 15:06:43",JINDALSTEL,12131245,267.9
207885,"2018-01-30 15:06:42",HDFCBANK,1439113,1996.4
207883,"2018-01-30 15:06:39",HDFC,3715154,1934.8
207884,"2018-01-30 15:06:39",HDIL,7279898,58.6
207882,"2018-01-30 15:06:36",RELIANCE,3516164,949.9
207881,"2018-01-30 15:06:35",AXISBANK,5632812,592.95
207880,"2018-01-30 15:06:34",JINDALSTEL,12129557,268
207879,"2018-01-30 15:06:33",INFY,3429178,1168.2
207878,"2018-01-30 15:06:32",RELIANCE,3512844,949.9
207877,"2018-01-30 15:06:29",HDIL,7278298,58.6
207875,"2018-01-30 15:06:28",AXISBANK,5623033,592.95
207876,"2018-01-30 15:06:28",IDFCBANK,5785182,57.05
207874,"2018-01-30 15:06:27",KOTAKBANK,2526647,1089.1
207873,"2018-01-30 15:06:25",INFY,3424601,1167.95
207871,"2018-01-30 15:06:24",JINDALSTEL,12128323,268.05
207872,"2018-01-30 15:06:24",TATASTEEL,5036548,774.2
207867,"2018-01-30 15:06:18",HDIL,7276773,58.6
207868,"2018-01-30 15:06:18",IDFCBANK,5783570,57.05
207869,"2018-01-30 15:06:18",ICICIBANK,11594334,353.3
207870,"2018-01-30 15:06:18",AXISBANK,5620123,592.95
207866,"2018-01-30 15:06:17",HDFC,3704386,1935
207865,"2018-01-30 15:06:15",HDFCBANK,1437238,1995.8
207864,"2018-01-30 15:06:14",LT,1703120,1427.6
207863,"2018-01-30 15:06:13",ITC,11365822,275.15
207862,"2018-01-30 15:06:12",AXISBANK,5604071,592.85
207860,"2018-01-30 15:06:09",HDFCBANK,1435688,1994.55
207861,"2018-01-30 15:06:09",HDFC,3695067,1934.8
207857,"2018-01-30 15:06:07",HDIL,7270164,58.6
207858,"2018-01-30 15:06:07",ICICIBANK,11579608,353.1
207859,"2018-01-30 15:06:07",TATASTEEL,5033839,774.3
207856,"2018-01-30 15:06:03",HDIL,7265391,58.6
207855,"2018-01-30 15:06:01",MARUTI,508374,9572.85
207854,"2018-01-30 15:05:58",AXISBANK,5596964,593
207853,"2018-01-30 15:05:57",IDFCBANK,5777996,57
207852,"2018-01-30 15:05:56",MARUTI,508309,9572.65
207851,"2018-01-30 15:05:53",SBIN,22749072,313.4
207850,"2018-01-30 15:05:50",ITC,11333119,275.1
207849,"2018-01-30 15:05:49",AXISBANK,5586607,592.95
207847,"2018-01-30 15:05:46",LT,1698728,1427.4
207848,"2018-01-30 15:05:46",HDIL,7258206,58.6
207845,"2018-01-30 15:05:45",SBIN,22735059,313.25
207846,"2018-01-30 15:05:45",RELIANCE,3497179,949.85
207844,"2018-01-30 15:05:44",IDFCBANK,5769601,57
207843,"2018-01-30 15:05:42",AXISBANK,5572047,592.8
207842,"2018-01-30 15:05:41",MARUTI,508191,9572.25
207841,"2018-01-30 15:05:39",KOTAKBANK,2517730,1088
207839,"2018-01-30 15:05:38",HDIL,7255403,58.65
207840,"2018-01-30 15:05:38",ITC,11305265,275.05
207838,"2018-01-30 15:05:36",JINDALSTEL,12089800,267.6
207836,"2018-01-30 15:05:33",MARUTI,507735,9567.95
207837,"2018-01-30 15:05:33",SBIN,22725795,313.2
207834,"2018-01-30 15:05:31",AXISBANK,5566721,592.55
207835,"2018-01-30 15:05:31",ICICIBANK,11536504,352.6
207833,"2018-01-30 15:05:30",HDFC,3683156,1932.6
207832,"2018-01-30 15:05:28",INFY,3406958,1166.2
207831,"2018-01-30 15:05:27",AXISBANK,5553497,592.45
207829,"2018-01-30 15:05:25",MARUTI,507457,9564.5
207830,"2018-01-30 15:05:25",IDFCBANK,5759313,57.05
207827,"2018-01-30 15:05:22",AXISBANK,5547152,592.5
207828,"2018-01-30 15:05:22",RELIANCE,3483553,949.25
207825,"2018-01-30 15:05:21",MARUTI,507202,9564.4
207826,"2018-01-30 15:05:21",AXISBANK,5553497,592.45
207824,"2018-01-30 15:05:20",INFY,3403224,1165.6
207822,"2018-01-30 15:05:15",HDFC,3678656,1931.8
207823,"2018-01-30 15:05:15",HDFCBANK,1430361,1995.6
207821,"2018-01-30 15:05:12",AXISBANK,5547152,592.5
207818,"2018-01-30 15:05:10",IDFCBANK,5738875,57
207819,"2018-01-30 15:05:10",AXISBANK,5535600,592.6
207820,"2018-01-30 15:05:10",LT,1693266,1426.85
207817,"2018-01-30 15:05:09",TATASTEEL,5013742,773.5
207816,"2018-01-30 15:05:07",SBIN,22616626,313.15
207815,"2018-01-30 15:05:06",ITC,11280847,275.1
207814,"2018-01-30 15:05:04",RELIANCE,3472537,949.75
207813,"2018-01-30 15:05:03",LT,1692296,1427
207811,"2018-01-30 15:05:02",LT,1690748,1426.1
207812,"2018-01-30 15:05:02",MARUTI,504897,9565
207810,"2018-01-30 15:05:00",INFY,3394997,1166.6
207809,"2018-01-30 15:04:57",IDFCBANK,5731221,57.05
207807,"2018-01-30 15:04:56",ITC,11275782,275.1
207808,"2018-01-30 15:04:56",RELIANCE,3466549,949.8
207806,"2018-01-30 15:04:55",KOTAKBANK,2506699,1087.7
207805,"2018-01-30 15:04:53",AXISBANK,5528969,592.65
207803,"2018-01-30 15:04:50",SBIN,22577890,313.2
207804,"2018-01-30 15:04:50",ICICIBANK,11488412,352.8
207802,"2018-01-30 15:04:47",AXISBANK,5525355,592.75
207801,"2018-01-30 15:04:46",MARUTI,504454,9571
207800,"2018-01-30 15:04:44",RELIANCE,3464479,949.75
207798,"2018-01-30 15:04:43",INFY,3389964,1167.35
207799,"2018-01-30 15:04:43",HDIL,7229818,58.65
207797,"2018-01-30 15:04:40",ITC,11254818,275.15
207793,"2018-01-30 15:04:37",AXISBANK,5522905,592.8
207794,"2018-01-30 15:04:37",TATASTEEL,4978466,773.5
207795,"2018-01-30 15:04:37",HDFC,3670167,1929.6
207796,"2018-01-30 15:04:37",SBIN,22568786,313.25
207791,"2018-01-30 15:04:36",MARUTI,504104,9572.35
207792,"2018-01-30 15:04:36",KOTAKBANK,2491109,1087.6
207789,"2018-01-30 15:04:32",SBIN,22552938,313.25
207790,"2018-01-30 15:04:32",ITC,11251600,275.15
207787,"2018-01-30 15:04:29",AXISBANK,5513656,592.85
207788,"2018-01-30 15:04:29",LT,1684576,1426.1
207786,"2018-01-30 15:04:27",KOTAKBANK,2490718,1087.5
207785,"2018-01-30 15:04:25",INFY,3384667,1167.3
207784,"2018-01-30 15:04:23",JINDALSTEL,12058111,267.55
207780,"2018-01-30 15:04:19",MARUTI,503508,9572.35
207781,"2018-01-30 15:04:19",AXISBANK,5511380,592.85
207782,"2018-01-30 15:04:19",HDFC,3668303,1929
207783,"2018-01-30 15:04:19",IDFCBANK,5717366,57.05
207778,"2018-01-30 15:04:18",HDFCBANK,1423480,1996.25
207779,"2018-01-30 15:04:18",ITC,11224259,275.1
207777,"2018-01-30 15:04:15",INFY,3383108,1167.3
207776,"2018-01-30 15:04:13",ICICIBANK,11458504,352.8
207775,"2018-01-30 15:04:12",IDFCBANK,5717047,57
207774,"2018-01-30 15:04:11",SBIN,22508023,313.25
207773,"2018-01-30 15:04:10",AXISBANK,5508047,592.9
207771,"2018-01-30 15:04:09",INFY,3382944,1167.3
207772,"2018-01-30 15:04:09",JINDALSTEL,12052929,267.7
207770,"2018-01-30 15:04:07",HDFCBANK,1423446,1996
207769,"2018-01-30 15:04:04",AXISBANK,5502178,593
207768,"2018-01-30 15:04:03",RELIANCE,3444153,949.45
207766,"2018-01-30 15:04:02",LT,1679376,1428.05
207767,"2018-01-30 15:04:02",ITC,11195452,275.05
207765,"2018-01-30 15:03:59",JINDALSTEL,12048891,267.5
207763,"2018-01-30 15:03:57",KOTAKBANK,2488040,1087.65
207764,"2018-01-30 15:03:57",ICICIBANK,11445093,352.6
207761,"2018-01-30 15:03:56",HDIL,7211771,58.65
207762,"2018-01-30 15:03:56",KOTAKBANK,2486702,1087.75
207760,"2018-01-30 15:03:52",HDIL,7210894,58.7
207759,"2018-01-30 15:03:50",INFY,3379107,1167.15
207758,"2018-01-30 15:03:49",IDFCBANK,5710939,57.05
207756,"2018-01-30 15:03:47",AXISBANK,5492003,593
207757,"2018-01-30 15:03:47",INFY,3373298,1168.25
207755,"2018-01-30 15:03:46",HDFCBANK,1418577,1995.95
207754,"2018-01-30 15:03:45",AXISBANK,5485463,592.95
207753,"2018-01-30 15:03:44",TATASTEEL,4942558,774.5
207752,"2018-01-30 15:03:43",SBIN,22436538,313.35
207749,"2018-01-30 15:03:41",HDIL,7210619,58.7
207750,"2018-01-30 15:03:41",ITC,11189908,275.15
207751,"2018-01-30 15:03:41",JINDALSTEL,12036528,267.55
207747,"2018-01-30 15:03:38",RELIANCE,3432136,949.6
207748,"2018-01-30 15:03:38",IDFCBANK,5710667,57.05
207745,"2018-01-30 15:03:36",ICICIBANK,11420777,352.95
207746,"2018-01-30 15:03:36",INFY,3370278,1168.25
207743,"2018-01-30 15:03:31",JINDALSTEL,12030545,267.8
207744,"2018-01-30 15:03:31",ITC,11181845,275.2
207742,"2018-01-30 15:03:30",AXISBANK,5480772,592.85
207741,"2018-01-30 15:03:28",LT,1675730,1429.1
207740,"2018-01-30 15:03:26",KOTAKBANK,2485211,1087.25
207739,"2018-01-30 15:03:25",HDFC,3652317,1928.75
207738,"2018-01-30 15:03:22",HDIL,7202226,58.7
207736,"2018-01-30 15:03:21",MARUTI,502030,9575
207737,"2018-01-30 15:03:21",AXISBANK,5473271,592.7
207733,"2018-01-30 15:03:19",HDFCBANK,1415967,1995.8
207734,"2018-01-30 15:03:19",RELIANCE,3426340,949.7
207735,"2018-01-30 15:03:19",ICICIBANK,11413595,352.95
207732,"2018-01-30 15:03:17",INFY,3368337,1168.35
207731,"2018-01-30 15:03:16",JINDALSTEL,12009011,268
207730,"2018-01-30 15:03:15",TATASTEEL,4931999,775
207729,"2018-01-30 15:03:14",IDFCBANK,5707791,57.05
207727,"2018-01-30 15:03:12",AXISBANK,5464480,592.75
207728,"2018-01-30 15:03:12",ITC,11169402,275.2
207726,"2018-01-30 15:03:10",INFY,3366533,1168.25
207725,"2018-01-30 15:03:09",HDFC,3650905,1928.65
207723,"2018-01-30 15:03:08",LT,1671751,1430.2
207724,"2018-01-30 15:03:08",LT,1668134,1430.25
207721,"2018-01-30 15:03:04",ITC,11160381,275.25
207722,"2018-01-30 15:03:04",AXISBANK,5456346,592.7
207720,"2018-01-30 15:03:03",MARUTI,501369,9576.85
207719,"2018-01-30 15:03:01",KOTAKBANK,2481594,1086.75
207716,"2018-01-30 15:03:00",ICICIBANK,11370846,353.1
207717,"2018-01-30 15:03:00",ICICIBANK,11369167,353.25
207718,"2018-01-30 15:03:00",INFY,3360709,1168.25
207715,"2018-01-30 15:02:54",MARUTI,501143,9576.85
207714,"2018-01-30 15:02:53",INFY,3358705,1167.8
207713,"2018-01-30 15:02:52",ITC,11154409,275.3
207712,"2018-01-30 15:02:51",AXISBANK,5453289,592.75
207711,"2018-01-30 15:02:49",ICICIBANK,11369167,353.25
207710,"2018-01-30 15:02:48",HDIL,7196096,58.7
207709,"2018-01-30 15:02:47",AXISBANK,5450520,592.85
207708,"2018-01-30 15:02:46",IDFCBANK,5670388,57.05
207707,"2018-01-30 15:02:45",LT,1664132,1427.9
207703,"2018-01-30 15:02:41",RELIANCE,3394410,950.35
207704,"2018-01-30 15:02:41",JINDALSTEL,11991260,268.2
207705,"2018-01-30 15:02:41",HDFCBANK,1409954,1996.45
207706,"2018-01-30 15:02:41",RELIANCE,3395729,950.3
207702,"2018-01-30 15:02:40",JINDALSTEL,11985022,268.3
207701,"2018-01-30 15:02:38",KOTAKBANK,2479894,1087.1
207699,"2018-01-30 15:02:36",ICICIBANK,11342169,353.1
207700,"2018-01-30 15:02:36",SBIN,22351171,313.5
207697,"2018-01-30 15:02:34",LT,1661976,1428.5
207698,"2018-01-30 15:02:34",HDFC,3642039,1928.65
207695,"2018-01-30 15:02:32",ICICIBANK,11337381,353.2
207696,"2018-01-30 15:02:32",HDFC,3640405,1928.6
207693,"2018-01-30 15:02:29",JINDALSTEL,11982911,268.4
207694,"2018-01-30 15:02:29",IDFCBANK,5662657,57.05
207692,"2018-01-30 15:02:27",TATASTEEL,4915132,776.3
207691,"2018-01-30 15:02:24",AXISBANK,5437137,592.9
207690,"2018-01-30 15:02:22",HDFC,3639148,1928.7
207688,"2018-01-30 15:02:21",JINDALSTEL,11982097,268.4
207689,"2018-01-30 15:02:21",SBIN,22334793,313.6
207687,"2018-01-30 15:02:20",MARUTI,500113,9578.55
207686,"2018-01-30 15:02:17",TATASTEEL,4913653,776.15
207685,"2018-01-30 15:02:16",RELIANCE,3361219,950.25
207682,"2018-01-30 15:02:15",ICICIBANK,11324054,353.2
207683,"2018-01-30 15:02:15",HDIL,7192372,58.75
207684,"2018-01-30 15:02:15",AXISBANK,5431672,592.9
207681,"2018-01-30 15:02:13",TATASTEEL,4912998,776.35
207680,"2018-01-30 15:02:10",AXISBANK,5431013,593
207679,"2018-01-30 15:02:08",HDIL,7191362,58.7
207677,"2018-01-30 15:02:07",AXISBANK,5421572,593.1
207678,"2018-01-30 15:02:07",KOTAKBANK,2476373,1087.35
207676,"2018-01-30 15:02:03",RELIANCE,3352879,950.5
207675,"2018-01-30 15:02:01",AXISBANK,5411163,593.2
207674,"2018-01-30 15:01:58",ITC,11112643,275.5
207673,"2018-01-30 15:01:57",AXISBANK,5409011,593.35
207672,"2018-01-30 15:01:56",JINDALSTEL,11976964,268.45
207670,"2018-01-30 15:01:54",HDFC,3631540,1928.05
207671,"2018-01-30 15:01:54",MARUTI,499753,9578.1
207669,"2018-01-30 15:01:51",JINDALSTEL,11976764,268.45
207667,"2018-01-30 15:01:50",AXISBANK,5406481,593.5
207668,"2018-01-30 15:01:50",ITC,11109202,275.5
207666,"2018-01-30 15:01:49",INFY,3342509,1166.85
207665,"2018-01-30 15:01:47",MARUTI,499631,9578.1
207664,"2018-01-30 15:01:46",RELIANCE,3351112,950.8
207662,"2018-01-30 15:01:45",LT,1653153,1432.65
207663,"2018-01-30 15:01:45",TATASTEEL,4903546,776.45
207660,"2018-01-30 15:01:39",INFY,3337290,1166.45
207661,"2018-01-30 15:01:39",IDFCBANK,5642390,57.1
207658,"2018-01-30 15:01:38",ITC,11105320,275.45
207659,"2018-01-30 15:01:38",AXISBANK,5405400,593.5
207657,"2018-01-30 15:01:37",JINDALSTEL,11974712,268.55
207656,"2018-01-30 15:01:35",ITC,11081824,275.4
207655,"2018-01-30 15:01:33",JINDALSTEL,11971653,268.55
207654,"2018-01-30 15:01:32",RELIANCE,3346580,950.95
207652,"2018-01-30 15:01:29",ICICIBANK,11286013,353.15
207653,"2018-01-30 15:01:29",HDIL,7186170,58.7
207650,"2018-01-30 15:01:28",IDFCBANK,5641843,57.05
207651,"2018-01-30 15:01:28",KOTAKBANK,2473181,1087.45
207649,"2018-01-30 15:01:27",INFY,3336467,1166.5
207648,"2018-01-30 15:01:24",AXISBANK,5401296,593.4
207646,"2018-01-30 15:01:23",TATASTEEL,4899251,776.5
207647,"2018-01-30 15:01:23",HDIL,7185020,58.7
207644,"2018-01-30 15:01:22",JINDALSTEL,11970156,268.5
207645,"2018-01-30 15:01:22",HDFC,3624698,1928.15
207643,"2018-01-30 15:01:21",AXISBANK,5395156,593.25
207642,"2018-01-30 15:01:18",MARUTI,499009,9574
207641,"2018-01-30 15:01:17",INFY,3333934,1166.4
207639,"2018-01-30 15:01:16",JINDALSTEL,11969536,268.5
207640,"2018-01-30 15:01:16",ICICIBANK,11261959,353.1
207638,"2018-01-30 15:01:15",HDFCBANK,1401496,1995.5
207636,"2018-01-30 15:01:12",MARUTI,498480,9578.95
207637,"2018-01-30 15:01:12",HDIL,7184750,58.7
207635,"2018-01-30 15:01:11",MARUTI,498292,9579.55
207633,"2018-01-30 15:01:10",AXISBANK,5382763,593.8
207634,"2018-01-30 15:01:10",RELIANCE,3336228,950.95
207632,"2018-01-30 15:01:02",HDIL,7184600,58.7
207631,"2018-01-30 15:01:01",LT,1646925,1432.45
207629,"2018-01-30 15:01:00",IDFCBANK,5631695,57.1
207630,"2018-01-30 15:01:00",AXISBANK,5376816,593.75
207628,"2018-01-30 15:00:58",HDIL,7181602,58.75
207627,"2018-01-30 15:00:57",INFY,3327985,1166.55
207626,"2018-01-30 15:00:56",MARUTI,498187,9579.9
207625,"2018-01-30 15:00:55",JINDALSTEL,11966970,268.65
207623,"2018-01-30 15:00:54",TATASTEEL,4892518,777
207624,"2018-01-30 15:00:54",SBIN,22216091,313.85
207622,"2018-01-30 15:00:52",LT,1646676,1432.55
207621,"2018-01-30 15:00:51",AXISBANK,5375617,593.75
207620,"2018-01-30 15:00:48",INFY,3325669,1166.35
207618,"2018-01-30 15:00:47",KOTAKBANK,2464193,1087.6
207619,"2018-01-30 15:00:47",ITC,11056182,275.4
207617,"2018-01-30 15:00:44",AXISBANK,5368479,593.95
207615,"2018-01-30 15:00:43",HDFCBANK,1399314,1995.75
207616,"2018-01-30 15:00:43",IDFCBANK,5631579,57.1
207614,"2018-01-30 15:00:42",RELIANCE,3330186,951.3
207612,"2018-01-30 15:00:39",HDFCBANK,1398420,1995.75
207613,"2018-01-30 15:00:39",KOTAKBANK,2463239,1087.55
207611,"2018-01-30 15:00:38",INFY,3320434,1166.35
207610,"2018-01-30 15:00:37",MARUTI,497661,9579.55
207609,"2018-01-30 15:00:34",AXISBANK,5362032,593.7
207608,"2018-01-30 15:00:33",JINDALSTEL,11963494,268.5
207604,"2018-01-30 15:00:30",HDFCBANK,1397689,1996.05
207605,"2018-01-30 15:00:30",AXISBANK,5359572,593.7
207606,"2018-01-30 15:00:30",LT,1640677,1432.35
207607,"2018-01-30 15:00:30",HDIL,7179372,58.7
207603,"2018-01-30 15:00:29",IDFCBANK,5625537,57.1
207602,"2018-01-30 15:00:26",RELIANCE,3325729,951.4
207600,"2018-01-30 15:00:24",INFY,3317487,1166.35
207601,"2018-01-30 15:00:24",HDFCBANK,1396906,1996.05
207597,"2018-01-30 15:00:18",IDFCBANK,5625060,57.1
207598,"2018-01-30 15:00:18",TATASTEEL,4883426,777.15
207599,"2018-01-30 15:00:18",AXISBANK,5356114,593.7
207595,"2018-01-30 15:00:17",SBIN,22192904,313.85
207596,"2018-01-30 15:00:17",JINDALSTEL,11960851,268.55
207594,"2018-01-30 15:00:13",AXISBANK,5355192,593.7
207591,"2018-01-30 15:00:12",HDIL,7173929,58.7
207592,"2018-01-30 15:00:12",SBIN,22186432,313.8
207593,"2018-01-30 15:00:12",HDFC,3600457,1928.15
207590,"2018-01-30 15:00:11",KOTAKBANK,2462078,1087.45
207589,"2018-01-30 15:00:09",HDFC,3597611,1928.3
207588,"2018-01-30 15:00:07",IDFCBANK,5624622,57.1
207585,"2018-01-30 15:00:06",JINDALSTEL,11951301,268.5
207586,"2018-01-30 15:00:06",HDFCBANK,1393994,1997
207587,"2018-01-30 15:00:06",AXISBANK,5350682,593.75
207583,"2018-01-30 15:00:01",HDFCBANK,1393494,1996.85
207584,"2018-01-30 15:00:01",HDIL,7173896,58.7
207581,"2018-01-30 15:00:00",TATASTEEL,4879769,777
207582,"2018-01-30 15:00:00",AXISBANK,5348437,593.8
207580,"2018-01-30 14:59:57",SBIN,22150021,313.85
207578,"2018-01-30 14:59:56",HDFCBANK,1393489,1996.5
207579,"2018-01-30 14:59:56",ICICIBANK,11156820,353.55
207577,"2018-01-30 14:59:55",AXISBANK,5346067,593.55
207576,"2018-01-30 14:59:54",ITC,11033872,275.4
207574,"2018-01-30 14:59:52",LT,1633673,1433.85
207575,"2018-01-30 14:59:52",SBIN,22139164,313.85
207573,"2018-01-30 14:59:51",ITC,11031889,275.45
207572,"2018-01-30 14:59:47",INFY,3312797,1166
207570,"2018-01-30 14:59:46",AXISBANK,5344570,593.85
207571,"2018-01-30 14:59:46",RELIANCE,3307586,951.45
207569,"2018-01-30 14:59:45",HDFC,3594773,1928.3
207568,"2018-01-30 14:59:42",TATASTEEL,4872081,776.7
207566,"2018-01-30 14:59:41",IDFCBANK,5621634,57.05
207567,"2018-01-30 14:59:41",AXISBANK,5336748,593.8
207564,"2018-01-30 14:59:39",LT,1632215,1433.85
207565,"2018-01-30 14:59:39",MARUTI,496298,9576.45
207563,"2018-01-30 14:59:37",INFY,3311121,1165.5
207561,"2018-01-30 14:59:36",SBIN,22126280,314
207562,"2018-01-30 14:59:36",JINDALSTEL,11918640,268.45
207559,"2018-01-30 14:59:35",AXISBANK,5336748,593.8
207560,"2018-01-30 14:59:35",AXISBANK,5335524,593.85
207558,"2018-01-30 14:59:34",HDIL,7171885,58.7
207556,"2018-01-30 14:59:31",TATASTEEL,4869113,776.75
207557,"2018-01-30 14:59:31",SBIN,22082691,313.8
207553,"2018-01-30 14:59:29",LT,1631340,1434
207554,"2018-01-30 14:59:29",RELIANCE,3306571,951.3
207555,"2018-01-30 14:59:29",MARUTI,496269,9576.95
207552,"2018-01-30 14:59:27",KOTAKBANK,2456784,1087
207551,"2018-01-30 14:59:26",AXISBANK,5335524,593.85
207550,"2018-01-30 14:59:25",RELIANCE,3305980,951.45
207549,"2018-01-30 14:59:21",SBIN,22067418,313.55
207548,"2018-01-30 14:59:20",MARUTI,496239,9575.6
207546,"2018-01-30 14:59:18",AXISBANK,5331000,593.95
207547,"2018-01-30 14:59:18",ITC,11025393,275.45
207545,"2018-01-30 14:59:17",KOTAKBANK,2455364,1086.6
207543,"2018-01-30 14:59:15",HDFC,3587631,1929.3
207544,"2018-01-30 14:59:15",IDFCBANK,5617235,57.05
207542,"2018-01-30 14:59:14",JINDALSTEL,11914948,268.3
207540,"2018-01-30 14:59:12",RELIANCE,3302651,951.5
207541,"2018-01-30 14:59:12",LT,1626548,1434
207539,"2018-01-30 14:59:11",HDFCBANK,1388777,1995.3
207537,"2018-01-30 14:59:09",TATASTEEL,4865716,776.8
207538,"2018-01-30 14:59:09",HDIL,7165405,58.7
207536,"2018-01-30 14:59:06",AXISBANK,5325375,593.5
207535,"2018-01-30 14:59:05",SBIN,22052145,313.55
207534,"2018-01-30 14:59:03",MARUTI,495694,9575.95
207533,"2018-01-30 14:59:01",IDFCBANK,5607440,57.05
207532,"2018-01-30 14:59:00",LT,1625712,1434.25
207531,"2018-01-30 14:58:59",KOTAKBANK,2453615,1086.7
207529,"2018-01-30 14:58:56",AXISBANK,5320147,593.15
207530,"2018-01-30 14:58:56",SBIN,22039743,313.6
207528,"2018-01-30 14:58:54",KOTAKBANK,2453277,1086.5
207527,"2018-01-30 14:58:51",IDFCBANK,5606820,57.05
207526,"2018-01-30 14:58:50",ITC,11009450,275.5
207524,"2018-01-30 14:58:48",AXISBANK,5316174,593.2
207525,"2018-01-30 14:58:48",MARUTI,495671,9575.95
207523,"2018-01-30 14:58:46",TATASTEEL,4849007,777.4
207522,"2018-01-30 14:58:45",RELIANCE,3301890,951.45
207521,"2018-01-30 14:58:44",MARUTI,495503,9574.95
207519,"2018-01-30 14:58:43",JINDALSTEL,11902554,268.7
207520,"2018-01-30 14:58:43",INFY,3304904,1164.9
207517,"2018-01-30 14:58:41",SBIN,21994789,313.6
207518,"2018-01-30 14:58:41",RELIANCE,3300664,951.65
207516,"2018-01-30 14:58:39",HDFC,3581515,1930
207515,"2018-01-30 14:58:38",HDFCBANK,1387591,1996.65
207514,"2018-01-30 14:58:37",HDIL,7157679,58.8
207513,"2018-01-30 14:58:35",RELIANCE,3300508,951.75
207512,"2018-01-30 14:58:34",HDFCBANK,1386916,1996.2
207511,"2018-01-30 14:58:32",SBIN,21968677,313.75
207509,"2018-01-30 14:58:31",AXISBANK,5274634,593.55
207510,"2018-01-30 14:58:31",HDFC,3581050,1930
207507,"2018-01-30 14:58:29",ITC,11007821,275.5
207508,"2018-01-30 14:58:29",LT,1617637,1434.7
207506,"2018-01-30 14:58:28",INFY,3303589,1164.8
207505,"2018-01-30 14:58:27",HDFCBANK,1386724,1996.9
207504,"2018-01-30 14:58:25",LT,1616849,1434.5
207503,"2018-01-30 14:58:22",HDFC,3577561,1930
207501,"2018-01-30 14:58:21",HDIL,7154673,58.85
207502,"2018-01-30 14:58:21",SBIN,21958846,313.9
207500,"2018-01-30 14:58:20",INFY,3302344,1166.5
207499,"2018-01-30 14:58:19",ITC,11006451,275.5
207497,"2018-01-30 14:58:17",AXISBANK,5260931,593.9
207498,"2018-01-30 14:58:17",IDFCBANK,5604712,57.05
207493,"2018-01-30 14:58:14",AXISBANK,5257654,594
207494,"2018-01-30 14:58:14",HDIL,7154663,58.75
207495,"2018-01-30 14:58:14",ITC,11006179,275.55
207496,"2018-01-30 14:58:14",RELIANCE,3295098,951.5
207492,"2018-01-30 14:58:12",LT,1615838,1434.9
207491,"2018-01-30 14:58:10",HDFCBANK,1386619,1996
207488,"2018-01-30 14:58:08",AXISBANK,5253154,594
207489,"2018-01-30 14:58:08",SBIN,21941479,313.6
207490,"2018-01-30 14:58:08",KOTAKBANK,2450356,1086.1
207486,"2018-01-30 14:58:06",ITC,11004770,275.4
207487,"2018-01-30 14:58:06",RELIANCE,3291889,951.9
207485,"2018-01-30 14:58:04",MARUTI,495100,9577
207484,"2018-01-30 14:58:03",INFY,3299413,1166.2
207482,"2018-01-30 14:58:00",AXISBANK,5244923,594.5
207483,"2018-01-30 14:58:00",IDFCBANK,5604627,57
207481,"2018-01-30 14:57:59",TATASTEEL,4828371,777.3
207480,"2018-01-30 14:57:57",HDFCBANK,1385142,1996
207478,"2018-01-30 14:57:56",ICICIBANK,11077523,354.1
207479,"2018-01-30 14:57:56",IDFCBANK,5604217,57
207476,"2018-01-30 14:57:55",INFY,3298887,1166.3
207477,"2018-01-30 14:57:55",KOTAKBANK,2448652,1086.05
207475,"2018-01-30 14:57:50",JINDALSTEL,11889914,268.6
207474,"2018-01-30 14:57:49",ICICIBANK,11074154,354.2
207473,"2018-01-30 14:57:46",HDIL,7129364,58.7
207472,"2018-01-30 14:57:45",AXISBANK,5244074,594.5
207470,"2018-01-30 14:57:42",HDFCBANK,1383390,1996.2
207471,"2018-01-30 14:57:42",RELIANCE,3285248,951.3
207469,"2018-01-30 14:57:40",AXISBANK,5243144,594.55
207468,"2018-01-30 14:57:38",HDIL,7128864,58.75
207465,"2018-01-30 14:57:37",IDFCBANK,5603732,57
207466,"2018-01-30 14:57:37",INFY,3298213,1166.3
207467,"2018-01-30 14:57:37",SBIN,21896332,313.75
207464,"2018-01-30 14:57:34",ITC,10972670,275.5
207463,"2018-01-30 14:57:33",INFY,3295456,1165.95
207462,"2018-01-30 14:57:32",KOTAKBANK,2447770,1085.9
207461,"2018-01-30 14:57:31",HDIL,7128289,58.75
207460,"2018-01-30 14:57:29",AXISBANK,5242163,594.55
207459,"2018-01-30 14:57:28",TATASTEEL,4802382,777
207458,"2018-01-30 14:57:25",HDFC,3558982,1931
207457,"2018-01-30 14:57:23",INFY,3294541,1165.45
207454,"2018-01-30 14:57:20",HDFCBANK,1382317,1995.95
207455,"2018-01-30 14:57:20",KOTAKBANK,2446274,1086.15
207456,"2018-01-30 14:57:20",JINDALSTEL,11880543,268.85
207452,"2018-01-30 14:57:19",HDIL,7128189,58.75
207453,"2018-01-30 14:57:19",ITC,10969689,275.6
207451,"2018-01-30 14:57:18",AXISBANK,5240089,594.5
207449,"2018-01-30 14:57:14",SBIN,21844015,313.65
207450,"2018-01-30 14:57:14",JINDALSTEL,11879230,268.8
207448,"2018-01-30 14:57:09",HDIL,7127467,58.75
207446,"2018-01-30 14:57:08",AXISBANK,5237087,594.5
207447,"2018-01-30 14:57:08",KOTAKBANK,2445247,1086.4
207444,"2018-01-30 14:57:07",MARUTI,494303,9573.9
207445,"2018-01-30 14:57:07",HDIL,7127217,58.85
207443,"2018-01-30 14:57:06",RELIANCE,3277715,951.25
207442,"2018-01-30 14:57:04",ITC,10962821,275.55
207440,"2018-01-30 14:57:03",LT,1604710,1434.9
207441,"2018-01-30 14:57:03",MARUTI,494288,9573.95
207438,"2018-01-30 14:57:00",RELIANCE,3277119,951.25
207439,"2018-01-30 14:57:00",AXISBANK,5235441,594.65
207436,"2018-01-30 14:56:56",MARUTI,494084,9573.75
207437,"2018-01-30 14:56:56",TATASTEEL,4788545,776.6
207435,"2018-01-30 14:56:55",HDFCBANK,1380523,1995.1
207434,"2018-01-30 14:56:53",IDFCBANK,5601630,57
207433,"2018-01-30 14:56:52",AXISBANK,5235033,594.65
207432,"2018-01-30 14:56:50",KOTAKBANK,2443137,1086.45
207431,"2018-01-30 14:56:49",HDFC,3552090,1932.05
207430,"2018-01-30 14:56:48",ICICIBANK,11044489,354.3
207429,"2018-01-30 14:56:45",LT,1601430,1434.85
207428,"2018-01-30 14:56:44",JINDALSTEL,11866143,268.65
207426,"2018-01-30 14:56:41",RELIANCE,3272373,950.8
207427,"2018-01-30 14:56:41",ICICIBANK,11039959,354.5
207425,"2018-01-30 14:56:39",AXISBANK,5232614,594.5
207423,"2018-01-30 14:56:38",HDFCBANK,1379726,1996
207424,"2018-01-30 14:56:38",HDFC,3551508,1932
207422,"2018-01-30 14:56:37",SBIN,21794984,313.5
207420,"2018-01-30 14:56:35",ITC,10956301,275.5
207421,"2018-01-30 14:56:35",INFY,3289313,1165.8
207419,"2018-01-30 14:56:34",HDFCBANK,1379087,1996
207417,"2018-01-30 14:56:32",MARUTI,493722,9574.25
207418,"2018-01-30 14:56:32",HDFC,3549762,1932.6
207416,"2018-01-30 14:56:30",LT,1600097,1434.95
207415,"2018-01-30 14:56:29",HDIL,7020099,58.7
207413,"2018-01-30 14:56:28",TATASTEEL,4772835,775.55
207414,"2018-01-30 14:56:28",AXISBANK,5229810,594.7
207412,"2018-01-30 14:56:26",IDFCBANK,5587662,56.95
207411,"2018-01-30 14:56:25",SBIN,21770152,313.45
207410,"2018-01-30 14:56:23",TATASTEEL,4768635,775
207409,"2018-01-30 14:56:22",KOTAKBANK,2439505,1085.65
207408,"2018-01-30 14:56:20",ICICIBANK,11023533,354.35
207407,"2018-01-30 14:56:19",MARUTI,493624,9574.85
207406,"2018-01-30 14:56:18",RELIANCE,3267399,951
207402,"2018-01-30 14:56:17",HDFC,3549107,1932.9
207403,"2018-01-30 14:56:17",JINDALSTEL,11859027,268.5
207404,"2018-01-30 14:56:17",AXISBANK,5229258,594.75
207405,"2018-01-30 14:56:17",HDFCBANK,1378889,1996
207400,"2018-01-30 14:56:13",AXISBANK,5228989,594.9
207401,"2018-01-30 14:56:13",RELIANCE,3267338,951.05
207399,"2018-01-30 14:56:11",JINDALSTEL,11852701,268.75
207398,"2018-01-30 14:56:10",ICICIBANK,11021185,354.45
207397,"2018-01-30 14:56:09",AXISBANK,5228939,594.75
207395,"2018-01-30 14:56:08",HDFC,3547711,1933.25
207396,"2018-01-30 14:56:08",LT,1597341,1434.95
207394,"2018-01-30 14:56:06",AXISBANK,5224533,594.9
207392,"2018-01-30 14:56:05",HDFCBANK,1376926,1996
207393,"2018-01-30 14:56:05",HDIL,7017295,58.7
207391,"2018-01-30 14:56:03",INFY,3285853,1166.7
207389,"2018-01-30 14:56:02",MARUTI,493515,9574
207390,"2018-01-30 14:56:02",ITC,10935164,275.5
207388,"2018-01-30 14:56:00",RELIANCE,3256151,951.7
207387,"2018-01-30 14:55:59",INFY,3284755,1166.15
207385,"2018-01-30 14:55:56",IDFCBANK,5584311,56.95
207386,"2018-01-30 14:55:56",ITC,10931682,275.45
207384,"2018-01-30 14:55:54",AXISBANK,5224190,594.9
207382,"2018-01-30 14:55:52",IDFCBANK,5523854,56.9
207383,"2018-01-30 14:55:52",ICICIBANK,10993496,354.6
207381,"2018-01-30 14:55:51",HDFCBANK,1375275,1995
207380,"2018-01-30 14:55:47",KOTAKBANK,2436185,1086.2
207379,"2018-01-30 14:55:46",MARUTI,493349,9573.45
207378,"2018-01-30 14:55:45",AXISBANK,5220941,594.9
207376,"2018-01-30 14:55:44",RELIANCE,3251619,951.75
207377,"2018-01-30 14:55:44",LT,1584778,1434.85
207375,"2018-01-30 14:55:43",KOTAKBANK,2434601,1085.65
207374,"2018-01-30 14:55:41",ITC,10917119,275.35
207373,"2018-01-30 14:55:40",LT,1583108,1435
207371,"2018-01-30 14:55:36",ICICIBANK,10978203,354.8
207372,"2018-01-30 14:55:36",AXISBANK,5218581,594.9
207370,"2018-01-30 14:55:34",TATASTEEL,4707725,774.25
207369,"2018-01-30 14:55:33",MARUTI,493279,9572.45
207368,"2018-01-30 14:55:32",INFY,3280725,1165.1
207367,"2018-01-30 14:55:28",JINDALSTEL,11842273,268.5
207366,"2018-01-30 14:55:27",SBIN,21693765,313.5
207365,"2018-01-30 14:55:26",ICICIBANK,10948973,354.85
207364,"2018-01-30 14:55:25",MARUTI,493229,9570
207363,"2018-01-30 14:55:24",AXISBANK,5216694,594.95
207361,"2018-01-30 14:55:22",ICICIBANK,10926710,354.9
207362,"2018-01-30 14:55:22",TATASTEEL,4706446,774.3
207360,"2018-01-30 14:55:20",SBIN,21677038,313.5
207358,"2018-01-30 14:55:16",HDIL,7016062,58.65
207359,"2018-01-30 14:55:16",AXISBANK,5216072,595
207357,"2018-01-30 14:55:14",INFY,3280303,1165.25
207356,"2018-01-30 14:55:13",ITC,10873287,275.45
207355,"2018-01-30 14:55:11",IDFCBANK,5474634,57
207354,"2018-01-30 14:55:10",MARUTI,492947,9574
207353,"2018-01-30 14:55:09",KOTAKBANK,2430219,1086.05
207352,"2018-01-30 14:55:08",INFY,3277625,1165.5
207351,"2018-01-30 14:55:05",AXISBANK,5208236,594.7
207350,"2018-01-30 14:55:04",JINDALSTEL,11836944,268.55
207348,"2018-01-30 14:55:02",KOTAKBANK,2428566,1086.65
207349,"2018-01-30 14:55:02",ITC,10854261,275.4
207347,"2018-01-30 14:55:00",IDFCBANK,5474014,56.95
207346,"2018-01-30 14:54:58",LT,1573028,1435.1
207344,"2018-01-30 14:54:57",AXISBANK,5207787,594.7
207345,"2018-01-30 14:54:57",INFY,3276805,1165.05
207342,"2018-01-30 14:54:55",HDFC,3542452,1934.05
207343,"2018-01-30 14:54:55",RELIANCE,3236556,951.25
207341,"2018-01-30 14:54:53",HDFCBANK,1371150,1995.4
207340,"2018-01-30 14:54:51",MARUTI,492786,9573.5
207339,"2018-01-30 14:54:50",IDFCBANK,5473514,56.95
207338,"2018-01-30 14:54:49",AXISBANK,5207557,594.55
207337,"2018-01-30 14:54:48",LT,1566042,1435.75
207336,"2018-01-30 14:54:47",HDIL,7012221,58.6
207335,"2018-01-30 14:54:46",ITC,10853267,275.45
207334,"2018-01-30 14:54:45",KOTAKBANK,2424220,1086.3
207332,"2018-01-30 14:54:43",SBIN,21607722,313.45
207333,"2018-01-30 14:54:43",ITC,10851640,275.4
207331,"2018-01-30 14:54:42",HDIL,7008396,58.65
207330,"2018-01-30 14:54:41",JINDALSTEL,11832555,268.5
207329,"2018-01-30 14:54:39",HDFC,3539491,1934.9
207328,"2018-01-30 14:54:37",KOTAKBANK,2422984,1085.75
207327,"2018-01-30 14:54:36",AXISBANK,5203422,594.35
207326,"2018-01-30 14:54:35",HDFCBANK,1370994,1995.7
207325,"2018-01-30 14:54:30",RELIANCE,3229103,950.85
207322,"2018-01-30 14:54:29",HDIL,7006514,58.7
207323,"2018-01-30 14:54:29",ITC,10837535,275.35
207324,"2018-01-30 14:54:29",ICICIBANK,10839909,355
207321,"2018-01-30 14:54:28",AXISBANK,5202932,594.4
207319,"2018-01-30 14:54:25",INFY,3271334,1166
207320,"2018-01-30 14:54:25",IDFCBANK,5472155,56.95
207316,"2018-01-30 14:54:23",IDFCBANK,5451752,57.05
207317,"2018-01-30 14:54:23",AXISBANK,5202589,594.15
207318,"2018-01-30 14:54:23",HDFC,3537700,1934.15
207315,"2018-01-30 14:54:22",JINDALSTEL,11809779,268.6
207314,"2018-01-30 14:54:20",HDIL,7006464,58.65
207313,"2018-01-30 14:54:19",ITC,10834323,275.25
207311,"2018-01-30 14:54:17",SBIN,21596179,313.4
207312,"2018-01-30 14:54:17",LT,1552139,1434.25
207310,"2018-01-30 14:54:16",AXISBANK,5199591,594
207309,"2018-01-30 14:54:14",HDFCBANK,1368604,1996
207307,"2018-01-30 14:54:13",IDFCBANK,5451751,57
207308,"2018-01-30 14:54:13",AXISBANK,5199432,594
207306,"2018-01-30 14:54:11",HDFC,3533612,1935
207304,"2018-01-30 14:54:10",TATASTEEL,4691689,774.4
207305,"2018-01-30 14:54:10",JINDALSTEL,11808682,268.85
207301,"2018-01-30 14:54:08",KOTAKBANK,2420020,1086.75
207302,"2018-01-30 14:54:08",IDFCBANK,5450881,57.05
207303,"2018-01-30 14:54:08",HDFCBANK,1365413,1997
207300,"2018-01-30 14:54:06",HDIL,7004958,58.65
207299,"2018-01-30 14:54:05",IDFCBANK,5450381,57.05
207298,"2018-01-30 14:54:04",KOTAKBANK,2419782,1086.85
207297,"2018-01-30 14:54:03",AXISBANK,5197789,594.2
207295,"2018-01-30 14:54:01",HDFC,3526596,1934.75
207296,"2018-01-30 14:54:01",ITC,10826182,275.4
207294,"2018-01-30 14:53:59",MARUTI,492108,9571.55
207292,"2018-01-30 14:53:57",LT,1545783,1436.15
207293,"2018-01-30 14:53:57",INFY,3265050,1165.25
207291,"2018-01-30 14:53:55",AXISBANK,5195191,594.75
207290,"2018-01-30 14:53:54",IDFCBANK,5447939,57.1
207289,"2018-01-30 14:53:52",RELIANCE,3215965,951.25
207288,"2018-01-30 14:53:50",JINDALSTEL,11795786,268.85
207287,"2018-01-30 14:53:49",KOTAKBANK,2416610,1086.65
207285,"2018-01-30 14:53:47",HDIL,7001631,58.75
207286,"2018-01-30 14:53:47",HDFCBANK,1364950,1996.75
207284,"2018-01-30 14:53:46",MARUTI,491983,9573.55
207283,"2018-01-30 14:53:44",AXISBANK,5194070,594.65
207282,"2018-01-30 14:53:41",INFY,3262903,1165.15
207281,"2018-01-30 14:53:40",MARUTI,491894,9572
207280,"2018-01-30 14:53:38",JINDALSTEL,11787725,269
207278,"2018-01-30 14:53:37",TATASTEEL,4682302,774.55
207279,"2018-01-30 14:53:37",ICICIBANK,10702222,355
207277,"2018-01-30 14:53:36",IDFCBANK,5445849,57.1
207275,"2018-01-30 14:53:35",AXISBANK,5191840,595
207276,"2018-01-30 14:53:35",KOTAKBANK,2415689,1086.8
207274,"2018-01-30 14:53:34",HDIL,6992075,58.7
207273,"2018-01-30 14:53:33",LT,1534195,1434.95
207272,"2018-01-30 14:53:29",RELIANCE,3211373,952
207271,"2018-01-30 14:53:28",HDFCBANK,1363689,1996.35
207270,"2018-01-30 14:53:25",JINDALSTEL,11784005,269
207268,"2018-01-30 14:53:24",TATASTEEL,4680446,775
207269,"2018-01-30 14:53:24",AXISBANK,5185869,595
207267,"2018-01-30 14:53:23",ITC,10821232,275.4
207266,"2018-01-30 14:53:22",KOTAKBANK,2415301,1086.8
207264,"2018-01-30 14:53:21",SBIN,21521955,313.55
207265,"2018-01-30 14:53:21",HDIL,6991585,58.7
207262,"2018-01-30 14:53:17",TATASTEEL,4676667,774.75
207263,"2018-01-30 14:53:17",KOTAKBANK,2414816,1086.55
207261,"2018-01-30 14:53:15",MARUTI,491720,9572
207260,"2018-01-30 14:53:13",HDFC,3520623,1934.1
207258,"2018-01-30 14:53:11",AXISBANK,5172115,595
207259,"2018-01-30 14:53:11",HDFCBANK,1363081,1997.9
207257,"2018-01-30 14:53:10",IDFCBANK,5443201,57.1
207255,"2018-01-30 14:53:06",HDFC,3518455,1935
207256,"2018-01-30 14:53:06",SBIN,21498269,313.5
207254,"2018-01-30 14:53:04",ITC,10815469,275.5
207253,"2018-01-30 14:53:03",INFY,3259928,1165.65
207251,"2018-01-30 14:53:00",AXISBANK,5162737,595
207252,"2018-01-30 14:53:00",MARUTI,491638,9572.95
207250,"2018-01-30 14:52:55",IDFCBANK,5440081,57.05
207249,"2018-01-30 14:52:54",RELIANCE,3207600,952
207246,"2018-01-30 14:52:53",HDFCBANK,1361020,1997.4
207247,"2018-01-30 14:52:53",LT,1526014,1434.9
207248,"2018-01-30 14:52:53",JINDALSTEL,11777301,268.95
207245,"2018-01-30 14:52:51",INFY,3258710,1165.75
207244,"2018-01-30 14:52:50",AXISBANK,5155162,595.05
207243,"2018-01-30 14:52:48",LT,1524768,1434
207242,"2018-01-30 14:52:47",KOTAKBANK,2412889,1086.75
207241,"2018-01-30 14:52:44",AXISBANK,5145576,595
207240,"2018-01-30 14:52:43",MARUTI,491281,9573.95
207238,"2018-01-30 14:52:42",HDIL,6988908,58.75
207239,"2018-01-30 14:52:42",JINDALSTEL,11765724,269
207237,"2018-01-30 14:52:41",INFY,3252556,1166.1
207236,"2018-01-30 14:52:39",HDFCBANK,1360325,1998.4
207235,"2018-01-30 14:52:33",AXISBANK,5141272,595
207233,"2018-01-30 14:52:31",IDFCBANK,5415429,57.1
207234,"2018-01-30 14:52:31",LT,1520535,1433.7
207232,"2018-01-30 14:52:30",ICICIBANK,10653149,355.1
207231,"2018-01-30 14:52:29",MARUTI,491261,9573
207230,"2018-01-30 14:52:28",HDFC,3511711,1935
207229,"2018-01-30 14:52:26",LT,1515120,1431.45
207227,"2018-01-30 14:52:23",MARUTI,491205,9573
207228,"2018-01-30 14:52:23",ITC,10808370,275.35
207226,"2018-01-30 14:52:21",AXISBANK,5140702,595
207225,"2018-01-30 14:52:20",IDFCBANK,5414527,57.1
207223,"2018-01-30 14:52:15",JINDALSTEL,11760323,269.05
207224,"2018-01-30 14:52:15",AXISBANK,5139614,595
207220,"2018-01-30 14:52:12",TATASTEEL,4670226,774.5
207221,"2018-01-30 14:52:12",ICICIBANK,10645410,355.05
207222,"2018-01-30 14:52:12",KOTAKBANK,2411783,1086.65
207218,"2018-01-30 14:52:11",TATASTEEL,4669503,775
207219,"2018-01-30 14:52:11",AXISBANK,5139603,594.8
207217,"2018-01-30 14:52:10",HDFCBANK,1357652,1998
207216,"2018-01-30 14:52:06",JINDALSTEL,11750953,269.25
207214,"2018-01-30 14:52:05",HDIL,6966658,58.75
207215,"2018-01-30 14:52:05",MARUTI,490908,9572.9
207213,"2018-01-30 14:52:04",LT,1512355,1431.4
207212,"2018-01-30 14:51:59",KOTAKBANK,2410358,1086.6
207209,"2018-01-30 14:51:58",ITC,10799956,275.4
207210,"2018-01-30 14:51:58",JINDALSTEL,11748679,269.25
207211,"2018-01-30 14:51:58",AXISBANK,5136978,595
207208,"2018-01-30 14:51:54",RELIANCE,3200652,952.35
207206,"2018-01-30 14:51:52",HDIL,6964458,58.75
207207,"2018-01-30 14:51:52",TATASTEEL,4667894,775.2
207205,"2018-01-30 14:51:45",RELIANCE,3200305,952.45
207204,"2018-01-30 14:51:44",AXISBANK,5126336,595
207203,"2018-01-30 14:51:43",IDFCBANK,5413782,57.05
207202,"2018-01-30 14:51:42",KOTAKBANK,2409101,1086.6
207200,"2018-01-30 14:51:40",HDFCBANK,1356634,1998
207201,"2018-01-30 14:51:40",RELIANCE,3198521,952.5
207199,"2018-01-30 14:51:38",TATASTEEL,4661001,775
207197,"2018-01-30 14:51:37",HDIL,6963358,58.8
207198,"2018-01-30 14:51:37",ITC,10795153,275.45
207195,"2018-01-30 14:51:34",KOTAKBANK,2407995,1086.6
207196,"2018-01-30 14:51:34",JINDALSTEL,11732353,269.3
207193,"2018-01-30 14:51:33",AXISBANK,5123709,595
207194,"2018-01-30 14:51:33",ICICIBANK,10594604,355.15
207191,"2018-01-30 14:51:32",LT,1498487,1429.2
207192,"2018-01-30 14:51:32",HDFC,3504297,1935
207190,"2018-01-30 14:51:31",IDFCBANK,5412707,57.05
207188,"2018-01-30 14:51:28",LT,1497886,1429
207189,"2018-01-30 14:51:28",SBIN,21371160,313.25
207187,"2018-01-30 14:51:27",TATASTEEL,4658976,775
207186,"2018-01-30 14:51:23",HDFCBANK,1355867,1997.95
207183,"2018-01-30 14:51:20",ITC,10793820,275.4
207184,"2018-01-30 14:51:20",AXISBANK,5122053,595
207185,"2018-01-30 14:51:20",MARUTI,490651,9571.9
207182,"2018-01-30 14:51:19",JINDALSTEL,11726764,269.3
207181,"2018-01-30 14:51:17",SBIN,21362658,313.3
207180,"2018-01-30 14:51:16",MARUTI,490551,9571.75
207177,"2018-01-30 14:51:15",KOTAKBANK,2406126,1086.55
207178,"2018-01-30 14:51:15",ITC,10792266,275.4
207179,"2018-01-30 14:51:15",INFY,3206741,1165.65
207176,"2018-01-30 14:51:11",HDIL,6959110,58.75
207175,"2018-01-30 14:51:10",LT,1497862,1428.7
207174,"2018-01-30 14:51:09",HDFCBANK,1351336,1997.65
207173,"2018-01-30 14:51:08",AXISBANK,5119082,595.05
207171,"2018-01-30 14:51:04",TATASTEEL,4654905,775.05
207172,"2018-01-30 14:51:04",HDFCBANK,1349735,1997.7
207168,"2018-01-30 14:51:03",ICICIBANK,10564734,355.2
207169,"2018-01-30 14:51:03",KOTAKBANK,2405114,1086.8
207170,"2018-01-30 14:51:03",RELIANCE,3194300,952.4
207167,"2018-01-30 14:51:01",AXISBANK,5116146,595.15
207166,"2018-01-30 14:51:00",SBIN,21329305,313.55
207165,"2018-01-30 14:50:58",HDFC,3500541,1935.15
207164,"2018-01-30 14:50:56",MARUTI,490211,9572.7
207162,"2018-01-30 14:50:53",HDFCBANK,1349688,1997.5
207163,"2018-01-30 14:50:53",HDIL,6955221,58.75
207159,"2018-01-30 14:50:52",IDFCBANK,5411749,57.05
207160,"2018-01-30 14:50:52",TATASTEEL,4654014,775
207161,"2018-01-30 14:50:52",AXISBANK,5111009,595.05
207158,"2018-01-30 14:50:49",KOTAKBANK,2405039,1086.7
207157,"2018-01-30 14:50:46",SBIN,21294378,313.4
207156,"2018-01-30 14:50:44",IDFCBANK,5410014,57.1
207155,"2018-01-30 14:50:43",LT,1495230,1429.45
207154,"2018-01-30 14:50:41",AXISBANK,5109583,595.35
207153,"2018-01-30 14:50:40",RELIANCE,3192992,952.45
207151,"2018-01-30 14:50:39",ITC,10781284,275.4
207152,"2018-01-30 14:50:39",HDIL,6954571,58.75
207150,"2018-01-30 14:50:38",MARUTI,489898,9570.75
207149,"2018-01-30 14:50:36",SBIN,21289610,313.3
207148,"2018-01-30 14:50:34",KOTAKBANK,2403984,1086.7
207147,"2018-01-30 14:50:33",TATASTEEL,4653274,775
207146,"2018-01-30 14:50:31",RELIANCE,3192584,952.4
207144,"2018-01-30 14:50:27",IDFCBANK,5395062,57.05
207145,"2018-01-30 14:50:27",AXISBANK,5099961,595.5
207143,"2018-01-30 14:50:26",ICICIBANK,10541577,355.1
207142,"2018-01-30 14:50:24",INFY,3195034,1165.75
207141,"2018-01-30 14:50:23",HDIL,6946444,58.65
207140,"2018-01-30 14:50:22",KOTAKBANK,2403678,1086.3
207139,"2018-01-30 14:50:20",SBIN,21280261,313.25
207138,"2018-01-30 14:50:18",AXISBANK,5083976,595.05
207137,"2018-01-30 14:50:17",ITC,10776933,275.35
207135,"2018-01-30 14:50:16",MARUTI,489389,9569
207136,"2018-01-30 14:50:16",IDFCBANK,5392972,57
207134,"2018-01-30 14:50:15",ITC,10776896,275.35
207133,"2018-01-30 14:50:13",AXISBANK,5083765,594.85
207132,"2018-01-30 14:50:11",AXISBANK,5080003,595
207131,"2018-01-30 14:50:10",HDFC,3497297,1935.05
207129,"2018-01-30 14:50:08",HDFCBANK,1346216,1996.6
