id,curr_time,symbol,volume,price
187424,"2018-01-30 09:20:11",LT,51891,1425.3
187425,"2018-01-30 09:20:14",TATASTEEL,130557,777.4
187429,"2018-01-30 09:20:16",RELIANCE,128051,963.5
187430,"2018-01-30 09:20:18",SBIN,935701,312.7
187436,"2018-01-30 09:20:20",SBIN,944367,312.7
187438,"2018-01-30 09:20:21",MARUTI,41064,9642.75
187441,"2018-01-30 09:20:22",RELIANCE,129659,962.85
187444,"2018-01-30 09:20:26",TATASTEEL,131842,778.05
187453,"2018-01-30 09:20:31",LT,60894,1424
187454,"2018-01-30 09:20:31",SBIN,962114,312.45
187455,"2018-01-30 09:20:31",RELIANCE,130741,962.15
187458,"2018-01-30 09:20:34",MARUTI,41916,9639
187459,"2018-01-30 09:20:34",TATASTEEL,133385,777.5
187467,"2018-01-30 09:20:37",RELIANCE,132179,962.25
187470,"2018-01-30 09:20:38",SBIN,967103,312.4
187473,"2018-01-30 09:20:39",LT,61575,1424.05
187474,"2018-01-30 09:20:40",MARUTI,42352,9636.05
187478,"2018-01-30 09:20:44",SBIN,975059,312.4
187481,"2018-01-30 09:20:45",MARUTI,42668,9641.55
187482,"2018-01-30 09:20:45",LT,62042,1423.8
187484,"2018-01-30 09:20:45",TATASTEEL,138348,777.95
187489,"2018-01-30 09:20:49",RELIANCE,133570,961.95
187494,"2018-01-30 09:20:52",RELIANCE,135185,962.7
187495,"2018-01-30 09:20:52",LT,63918,1425
187496,"2018-01-30 09:20:52",MARUTI,44780,9655.45
187498,"2018-01-30 09:20:53",TATASTEEL,141040,777.45
187502,"2018-01-30 09:20:55",SBIN,1000306,312.75
187508,"2018-01-30 09:21:00",LT,64401,1425
187511,"2018-01-30 09:21:01",MARUTI,45478,9650
187514,"2018-01-30 09:21:02",SBIN,1014404,312.8
187517,"2018-01-30 09:21:04",TATASTEEL,141259,777.65
187523,"2018-01-30 09:21:09",MARUTI,45984,9645
187524,"2018-01-30 09:21:09",LT,65222,1425.2
187528,"2018-01-30 09:21:12",SBIN,1024981,312.75
187530,"2018-01-30 09:21:13",RELIANCE,136458,962.5
187533,"2018-01-30 09:21:16",TATASTEEL,143085,777.15
187536,"2018-01-30 09:21:17",LT,65952,1425.25
187538,"2018-01-30 09:21:17",SBIN,1033818,312.45
187540,"2018-01-30 09:21:17",TATASTEEL,147902,777.1
187541,"2018-01-30 09:21:18",RELIANCE,136905,962.05
187542,"2018-01-30 09:21:18",MARUTI,47573,9642.8
187548,"2018-01-30 09:21:25",RELIANCE,137976,962.1
187552,"2018-01-30 09:21:25",TATASTEEL,149250,776.55
187555,"2018-01-30 09:21:26",SBIN,1037311,312.55
187557,"2018-01-30 09:21:27",MARUTI,48114,9640
187561,"2018-01-30 09:21:30",LT,67558,1425
187565,"2018-01-30 09:21:33",RELIANCE,138719,962.6
187566,"2018-01-30 09:21:34",MARUTI,48308,9640
187568,"2018-01-30 09:21:34",LT,67769,1425.65
187572,"2018-01-30 09:21:35",SBIN,1046669,312.7
187575,"2018-01-30 09:21:37",TATASTEEL,150109,776.8
187577,"2018-01-30 09:21:41",SBIN,1056523,312.55
187578,"2018-01-30 09:21:42",TATASTEEL,151128,776.5
187581,"2018-01-30 09:21:43",LT,68070,1425.65
187582,"2018-01-30 09:21:43",RELIANCE,142259,962.5
187589,"2018-01-30 09:21:49",RELIANCE,145010,962.55
187594,"2018-01-30 09:21:50",SBIN,1060242,312.55
187599,"2018-01-30 09:21:54",TATASTEEL,153475,776.6
187600,"2018-01-30 09:21:55",MARUTI,50141,9625
187601,"2018-01-30 09:21:58",LT,69413,1426
187605,"2018-01-30 09:22:03",LT,69978,1426.95
187608,"2018-01-30 09:22:04",TATASTEEL,156381,776.35
187609,"2018-01-30 09:22:04",RELIANCE,146754,962.7
187612,"2018-01-30 09:22:05",MARUTI,50575,9630
187617,"2018-01-30 09:22:06",SBIN,1072718,312.45
187619,"2018-01-30 09:22:07",MARUTI,50651,9630
187627,"2018-01-30 09:22:10",RELIANCE,147174,962.5
187628,"2018-01-30 09:22:10",TATASTEEL,157681,776.05
187629,"2018-01-30 09:22:11",SBIN,1076563,312.4
187630,"2018-01-30 09:22:11",MARUTI,51254,9629.5
187635,"2018-01-30 09:22:12",LT,70611,1426.9
187638,"2018-01-30 09:22:15",RELIANCE,149478,962.25
187640,"2018-01-30 09:22:15",TATASTEEL,159853,776.5
187643,"2018-01-30 09:22:19",MARUTI,51996,9629.35
187644,"2018-01-30 09:22:19",TATASTEEL,164137,776.3
187646,"2018-01-30 09:22:20",LT,71099,1426.7
187649,"2018-01-30 09:22:21",RELIANCE,151268,962.05
187653,"2018-01-30 09:22:23",SBIN,1101814,312.55
187657,"2018-01-30 09:22:27",MARUTI,52907,9619
187661,"2018-01-30 09:22:28",LT,71908,1427.4
187664,"2018-01-30 09:22:28",RELIANCE,152505,962.4
187666,"2018-01-30 09:22:31",TATASTEEL,165137,776.4
187670,"2018-01-30 09:22:34",SBIN,1131330,312.85
187673,"2018-01-30 09:22:36",SBIN,1137790,312.6
187674,"2018-01-30 09:22:36",LT,72382,1426.15
187677,"2018-01-30 09:22:36",TATASTEEL,166678,776.7
187682,"2018-01-30 09:22:39",MARUTI,53311,9620
187683,"2018-01-30 09:22:40",RELIANCE,153444,962
187691,"2018-01-30 09:22:45",TATASTEEL,167031,776.45
187694,"2018-01-30 09:22:46",MARUTI,55125,9619.35
187697,"2018-01-30 09:22:47",LT,74532,1425.3
187699,"2018-01-30 09:22:51",SBIN,1141632,312.6
187703,"2018-01-30 09:22:53",TATASTEEL,170052,776.5
187704,"2018-01-30 09:22:53",SBIN,1147413,312.5
187710,"2018-01-30 09:22:55",MARUTI,56126,9617.65
187713,"2018-01-30 09:22:59",LT,77918,1424.9
187714,"2018-01-30 09:23:01",RELIANCE,155559,961.2
187717,"2018-01-30 09:23:02",RELIANCE,156669,961.1
187718,"2018-01-30 09:23:02",LT,78286,1424.95
187719,"2018-01-30 09:23:03",TATASTEEL,171635,776.6
187722,"2018-01-30 09:23:04",MARUTI,56679,9619.3
187724,"2018-01-30 09:23:04",SBIN,1156030,312.4
187731,"2018-01-30 09:23:12",SBIN,1183666,312.4
187732,"2018-01-30 09:23:12",MARUTI,56923,9621.1
187739,"2018-01-30 09:23:14",LT,79427,1424.7
187743,"2018-01-30 09:23:17",RELIANCE,159002,961.4
187744,"2018-01-30 09:23:20",SBIN,1190926,312.5
187745,"2018-01-30 09:23:20",MARUTI,57270,9626
187747,"2018-01-30 09:23:20",RELIANCE,160467,961.25
187754,"2018-01-30 09:23:23",TATASTEEL,174787,777.15
187755,"2018-01-30 09:23:25",LT,80994,1424.5
187762,"2018-01-30 09:23:31",SBIN,1198739,312.5
187765,"2018-01-30 09:23:32",LT,81303,1424.35
187767,"2018-01-30 09:23:33",RELIANCE,161650,961.2
187769,"2018-01-30 09:23:34",MARUTI,57742,9630
187772,"2018-01-30 09:23:37",MARUTI,57881,9629
187775,"2018-01-30 09:23:37",TATASTEEL,177050,777.5
187780,"2018-01-30 09:23:39",LT,81663,1424.35
187784,"2018-01-30 09:23:40",SBIN,1205121,312.5
187785,"2018-01-30 09:23:41",RELIANCE,162413,961.25
187788,"2018-01-30 09:23:46",SBIN,1210433,312.45
187793,"2018-01-30 09:23:49",RELIANCE,165364,961
187794,"2018-01-30 09:23:49",TATASTEEL,180059,777.05
187795,"2018-01-30 09:23:50",LT,83343,1423.05
187800,"2018-01-30 09:23:55",MARUTI,58890,9633
187802,"2018-01-30 09:23:55",LT,84105,1422
187804,"2018-01-30 09:23:56",SBIN,1232363,312.25
187805,"2018-01-30 09:23:56",RELIANCE,166299,961.25
187810,"2018-01-30 09:23:59",TATASTEEL,181598,777.05
187812,"2018-01-30 09:24:04",MARUTI,60339,9624.45
187813,"2018-01-30 09:24:04",LT,85777,1421
187820,"2018-01-30 09:24:07",RELIANCE,173039,960.2
187823,"2018-01-30 09:24:08",RELIANCE,174268,960.85
187825,"2018-01-30 09:24:08",SBIN,1243225,312.25
187829,"2018-01-30 09:24:10",MARUTI,60494,9622.6
187834,"2018-01-30 09:24:13",MARUTI,60595,9622.6
187836,"2018-01-30 09:24:13",LT,88021,1421.65
187838,"2018-01-30 09:24:14",RELIANCE,176008,961
187841,"2018-01-30 09:24:14",TATASTEEL,187627,777.05
187843,"2018-01-30 09:24:16",SBIN,1247111,312.25
187847,"2018-01-30 09:24:21",RELIANCE,176847,960.85
187849,"2018-01-30 09:24:21",TATASTEEL,188522,777.3
187852,"2018-01-30 09:24:22",SBIN,1251723,312.2
187853,"2018-01-30 09:24:22",LT,89750,1421
187857,"2018-01-30 09:24:24",MARUTI,60822,9623.9
187865,"2018-01-30 09:24:31",SBIN,1254798,312.2
187868,"2018-01-30 09:24:32",TATASTEEL,200088,777
187870,"2018-01-30 09:24:35",LT,94822,1420
187872,"2018-01-30 09:24:37",RELIANCE,177988,961
187874,"2018-01-30 09:24:39",LT,96213,1419
187877,"2018-01-30 09:24:40",TATASTEEL,201089,777.25
187880,"2018-01-30 09:24:40",RELIANCE,178892,961.1
187882,"2018-01-30 09:24:41",SBIN,1267739,312.1
187887,"2018-01-30 09:24:46",MARUTI,61377,9620
187889,"2018-01-30 09:24:47",LT,97561,1418.8
187891,"2018-01-30 09:24:47",MARUTI,61691,9620
187900,"2018-01-30 09:24:51",RELIANCE,181824,960.75
187901,"2018-01-30 09:24:52",SBIN,1279421,312.1
187902,"2018-01-30 09:24:53",TATASTEEL,202892,777.2
187905,"2018-01-30 09:24:56",TATASTEEL,204643,777.8
187910,"2018-01-30 09:24:57",LT,100117,1418.45
187914,"2018-01-30 09:24:59",MARUTI,62088,9619
187916,"2018-01-30 09:25:01",SBIN,1308213,311.9
187917,"2018-01-30 09:25:01",RELIANCE,184769,960.25
187925,"2018-01-30 09:25:06",LT,100565,1419.7
187926,"2018-01-30 09:25:05",SBIN,1315666,312.05
187927,"2018-01-30 09:25:06",TATASTEEL,204746,777.5
187929,"2018-01-30 09:25:07",RELIANCE,186003,960.3
187930,"2018-01-30 09:25:08",MARUTI,62546,9619.8
187934,"2018-01-30 09:25:13",MARUTI,62697,9616.15
187938,"2018-01-30 09:25:14",LT,101217,1419.5
187939,"2018-01-30 09:25:14",RELIANCE,189084,960.8
187944,"2018-01-30 09:25:16",TATASTEEL,205826,777.5
187945,"2018-01-30 09:25:16",SBIN,1322859,311.95
187950,"2018-01-30 09:25:22",SBIN,1339018,312.1
187951,"2018-01-30 09:25:22",MARUTI,63076,9620
187953,"2018-01-30 09:25:23",RELIANCE,190371,960.4
187960,"2018-01-30 09:25:29",LT,101775,1419.7
187961,"2018-01-30 09:25:31",MARUTI,63403,9620.1
187963,"2018-01-30 09:25:31",RELIANCE,194728,960.25
187965,"2018-01-30 09:25:32",SBIN,1343312,312.15
187966,"2018-01-30 09:25:33",LT,104764,1419.75
187970,"2018-01-30 09:25:34",TATASTEEL,207885,777.75
187978,"2018-01-30 09:25:41",SBIN,1353160,312.5
187980,"2018-01-30 09:25:43",LT,105770,1420.45
187981,"2018-01-30 09:25:43",TATASTEEL,215408,779
187985,"2018-01-30 09:25:49",RELIANCE,199011,960.55
187990,"2018-01-30 09:25:54",TATASTEEL,220033,778.9
187993,"2018-01-30 09:25:55",MARUTI,63992,9627.5
187995,"2018-01-30 09:25:55",LT,107545,1420.5
187999,"2018-01-30 09:25:58",SBIN,1363041,312.55
188003,"2018-01-30 09:25:59",TATASTEEL,222527,778.75
188010,"2018-01-30 09:26:04",SBIN,1382777,312.55
188013,"2018-01-30 09:26:04",MARUTI,64295,9632
188015,"2018-01-30 09:26:05",RELIANCE,201492,961
188021,"2018-01-30 09:26:06",SBIN,1386464,312.7
188026,"2018-01-30 09:26:08",TATASTEEL,227430,778.95
188027,"2018-01-30 09:26:09",LT,109372,1420.25
188030,"2018-01-30 09:26:11",RELIANCE,201792,961
188032,"2018-01-30 09:26:12",SBIN,1386689,312.7
188034,"2018-01-30 09:26:13",MARUTI,64817,9634
188038,"2018-01-30 09:26:16",RELIANCE,203493,961
188040,"2018-01-30 09:26:19",TATASTEEL,227989,779.3
188047,"2018-01-30 09:26:22",SBIN,1396428,312.7
188048,"2018-01-30 09:26:22",LT,111192,1419.55
188050,"2018-01-30 09:26:25",TATASTEEL,231280,779.05
188054,"2018-01-30 09:26:26",MARUTI,65090,9639.95
188055,"2018-01-30 09:26:27",RELIANCE,205961,961.8
188057,"2018-01-30 09:26:30",LT,112018,1419.65
188062,"2018-01-30 09:26:31",SBIN,1405431,312.6
188063,"2018-01-30 09:26:31",TATASTEEL,233038,779
188065,"2018-01-30 09:26:32",RELIANCE,206899,961.95
188069,"2018-01-30 09:26:37",MARUTI,66350,9643.95
188071,"2018-01-30 09:26:38",SBIN,1437438,312.8
188079,"2018-01-30 09:26:40",MARUTI,66690,9643.85
188081,"2018-01-30 09:26:43",TATASTEEL,233411,778.85
188082,"2018-01-30 09:26:44",LT,112639,1419.65
188088,"2018-01-30 09:26:47",LT,112826,1419.5
188089,"2018-01-30 09:26:47",TATASTEEL,234908,778.55
188092,"2018-01-30 09:26:49",RELIANCE,208521,961.95
188094,"2018-01-30 09:26:50",MARUTI,67303,9645.85
188096,"2018-01-30 09:26:52",SBIN,1478998,313.15
188105,"2018-01-30 09:26:57",SBIN,1515545,313.3
188108,"2018-01-30 09:26:59",RELIANCE,210720,961.95
188111,"2018-01-30 09:27:02",MARUTI,67674,9648.45
188112,"2018-01-30 09:27:03",LT,113950,1418.35
188117,"2018-01-30 09:27:04",SBIN,1528098,313.4
188119,"2018-01-30 09:27:04",RELIANCE,211180,961.7
188121,"2018-01-30 09:27:05",TATASTEEL,237531,778.65
188122,"2018-01-30 09:27:05",LT,117024,1419.2
188125,"2018-01-30 09:27:06",MARUTI,68185,9648.45
188129,"2018-01-30 09:27:12",LT,117679,1418.25
188131,"2018-01-30 09:27:12",SBIN,1545169,313.1
188133,"2018-01-30 09:27:13",RELIANCE,212780,960.8
188139,"2018-01-30 09:27:17",TATASTEEL,239270,778.4
188145,"2018-01-30 09:27:21",MARUTI,69983,9648.45
188147,"2018-01-30 09:27:23",RELIANCE,213580,960.9
188150,"2018-01-30 09:27:23",TATASTEEL,241489,778.25
188154,"2018-01-30 09:27:26",SBIN,1567787,313.15
188155,"2018-01-30 09:27:28",LT,118631,1418.25
188156,"2018-01-30 09:27:28",SBIN,1581236,312.95
188157,"2018-01-30 09:27:29",RELIANCE,214355,960.6
188161,"2018-01-30 09:27:29",MARUTI,70634,9652
188166,"2018-01-30 09:27:31",TATASTEEL,243176,778
188167,"2018-01-30 09:27:31",LT,119209,1418.65
188177,"2018-01-30 09:27:38",SBIN,1594133,313
188178,"2018-01-30 09:27:38",LT,119831,1417.25
188182,"2018-01-30 09:27:39",MARUTI,71028,9659.5
188183,"2018-01-30 09:27:40",TATASTEEL,243995,778
188184,"2018-01-30 09:27:40",RELIANCE,214871,960.9
188197,"2018-01-30 09:27:48",RELIANCE,215123,960.9
188198,"2018-01-30 09:27:48",SBIN,1598002,312.7
188199,"2018-01-30 09:27:48",TATASTEEL,247669,778
188201,"2018-01-30 09:27:51",LT,120233,1418.1
188203,"2018-01-30 09:27:51",MARUTI,71548,9655
188211,"2018-01-30 09:27:56",MARUTI,72341,9656.15
188215,"2018-01-30 09:27:58",RELIANCE,215431,961.1
188218,"2018-01-30 09:27:58",TATASTEEL,250502,778.05
188219,"2018-01-30 09:27:59",LT,122809,1417
188224,"2018-01-30 09:28:05",RELIANCE,216044,961.35
188225,"2018-01-30 09:28:05",LT,123982,1416.45
188228,"2018-01-30 09:28:06",MARUTI,72764,9659.1
188231,"2018-01-30 09:28:07",TATASTEEL,251686,778
188233,"2018-01-30 09:28:08",SBIN,1609704,312.9
188236,"2018-01-30 09:28:09",RELIANCE,217433,961.5
188240,"2018-01-30 09:28:10",SBIN,1615453,312.95
188241,"2018-01-30 09:28:12",LT,125070,1416.6
188242,"2018-01-30 09:28:12",TATASTEEL,252408,778.15
188244,"2018-01-30 09:28:13",MARUTI,74013,9665
188249,"2018-01-30 09:28:14",MARUTI,74219,9664.95
188251,"2018-01-30 09:28:14",SBIN,1616322,313
188256,"2018-01-30 09:28:18",RELIANCE,218043,961.25
188259,"2018-01-30 09:28:21",LT,125672,1416
188260,"2018-01-30 09:28:21",TATASTEEL,252538,778.1
188262,"2018-01-30 09:28:23",SBIN,1621674,312.9
188265,"2018-01-30 09:28:24",TATASTEEL,253658,778
188267,"2018-01-30 09:28:24",MARUTI,75676,9666
188270,"2018-01-30 09:28:27",LT,126482,1416.1
188273,"2018-01-30 09:28:28",RELIANCE,219199,961.5
188276,"2018-01-30 09:28:34",MARUTI,77982,9673.7
188278,"2018-01-30 09:28:34",LT,127574,1416.2
188282,"2018-01-30 09:28:35",TATASTEEL,256000,778.1
188283,"2018-01-30 09:28:35",SBIN,1629979,312.75
188288,"2018-01-30 09:28:39",RELIANCE,220509,961.25
188291,"2018-01-30 09:28:44",MARUTI,78667,9673
188292,"2018-01-30 09:28:44",TATASTEEL,259031,778
188293,"2018-01-30 09:28:44",RELIANCE,221153,961
188298,"2018-01-30 09:28:45",SBIN,1636533,312.75
188303,"2018-01-30 09:28:48",LT,128203,1416.6
188310,"2018-01-30 09:28:55",RELIANCE,221863,961.05
188311,"2018-01-30 09:28:55",TATASTEEL,260829,778.45
188313,"2018-01-30 09:28:56",MARUTI,81493,9673.9
188316,"2018-01-30 09:28:57",SBIN,1642546,312.9
188317,"2018-01-30 09:28:58",LT,129077,1417
188320,"2018-01-30 09:29:03",RELIANCE,222202,961.35
188321,"2018-01-30 09:29:03",MARUTI,83839,9665.05
188327,"2018-01-30 09:29:04",TATASTEEL,262663,778.85
188329,"2018-01-30 09:29:05",SBIN,1650785,312.9
188332,"2018-01-30 09:29:07",LT,129484,1417.2
188337,"2018-01-30 09:29:14",RELIANCE,222870,961.7
188340,"2018-01-30 09:29:15",LT,130749,1417
188344,"2018-01-30 09:29:16",TATASTEEL,264331,778.6
188345,"2018-01-30 09:29:17",MARUTI,85563,9659.5
188346,"2018-01-30 09:29:19",SBIN,1658683,312.85
188349,"2018-01-30 09:29:23",TATASTEEL,266553,778.5
188357,"2018-01-30 09:29:25",MARUTI,86814,9655
188358,"2018-01-30 09:29:25",LT,131031,1416.45
188360,"2018-01-30 09:29:26",RELIANCE,223294,961.35
188363,"2018-01-30 09:29:29",SBIN,1661900,312.8
188370,"2018-01-30 09:29:33",TATASTEEL,267786,778.6
188372,"2018-01-30 09:29:34",LT,133227,1417.05
188375,"2018-01-30 09:29:37",RELIANCE,223426,961.7
188376,"2018-01-30 09:29:38",SBIN,1665854,312.9
188378,"2018-01-30 09:29:39",MARUTI,87570,9649.5
188382,"2018-01-30 09:29:41",RELIANCE,223956,961.7
188385,"2018-01-30 09:29:42",SBIN,1668030,312.85
188390,"2018-01-30 09:29:43",MARUTI,88092,9655
188391,"2018-01-30 09:29:43",TATASTEEL,268616,778.5
188392,"2018-01-30 09:29:45",LT,134157,1417.5
188404,"2018-01-30 09:29:53",LT,134898,1417.05
188405,"2018-01-30 09:29:53",RELIANCE,224748,961.5
188406,"2018-01-30 09:29:55",TATASTEEL,271884,778.6
188407,"2018-01-30 09:29:56",SBIN,1673045,312.9
188409,"2018-01-30 09:29:59",MARUTI,88273,9656.85
188410,"2018-01-30 09:30:00",TATASTEEL,274066,778.5
188411,"2018-01-30 09:30:00",LT,135691,1416.8
188416,"2018-01-30 09:30:01",MARUTI,89094,9656
188420,"2018-01-30 09:30:02",SBIN,1685435,312.85
188421,"2018-01-30 09:30:03",RELIANCE,224878,961.7
188424,"2018-01-30 09:30:04",SBIN,1689052,312.95
188427,"2018-01-30 09:30:05",LT,135951,1417.05
188429,"2018-01-30 09:30:06",MARUTI,89151,9658.45
188432,"2018-01-30 09:30:07",TATASTEEL,275980,778.45
188438,"2018-01-30 09:30:09",RELIANCE,231221,962.35
188443,"2018-01-30 09:30:11",LT,136155,1417.45
188445,"2018-01-30 09:30:12",MARUTI,89216,9659.85
188446,"2018-01-30 09:30:12",TATASTEEL,275992,778.2
188447,"2018-01-30 09:30:13",SBIN,1696098,312.95
188454,"2018-01-30 09:30:14",TATASTEEL,276685,778
188456,"2018-01-30 09:30:15",LT,136500,1417.5
188457,"2018-01-30 09:30:15",RELIANCE,232594,962.5
188462,"2018-01-30 09:30:19",MARUTI,89799,9660
188463,"2018-01-30 09:30:20",SBIN,1698087,312.95
188464,"2018-01-30 09:30:22",RELIANCE,233084,962.15
188466,"2018-01-30 09:30:22",MARUTI,90281,9659
188470,"2018-01-30 09:30:23",SBIN,1714240,313.15
188474,"2018-01-30 09:30:24",LT,136698,1417.6
188475,"2018-01-30 09:30:25",TATASTEEL,277501,777.75
188479,"2018-01-30 09:30:32",SBIN,1774057,313.6
188480,"2018-01-30 09:30:32",TATASTEEL,277986,777.65
188485,"2018-01-30 09:30:34",LT,138014,1418
188488,"2018-01-30 09:30:35",MARUTI,90836,9661.4
188493,"2018-01-30 09:30:40",RELIANCE,236864,961.75
188494,"2018-01-30 09:30:42",MARUTI,91251,9660
188497,"2018-01-30 09:30:43",RELIANCE,238703,961.65
188501,"2018-01-30 09:30:44",LT,138229,1418.3
188506,"2018-01-30 09:30:47",TATASTEEL,278464,777.35
188507,"2018-01-30 09:30:49",SBIN,1921665,314.15
188508,"2018-01-30 09:30:51",SBIN,2009470,314.45
188510,"2018-01-30 09:30:51",MARUTI,91532,9663.95
188516,"2018-01-30 09:30:53",LT,138768,1419.8
188520,"2018-01-30 09:30:55",TATASTEEL,280135,777
188522,"2018-01-30 09:30:57",RELIANCE,239497,961.65
188523,"2018-01-30 09:31:01",RELIANCE,241364,961.35
188524,"2018-01-30 09:31:01",LT,140735,1418.4
188528,"2018-01-30 09:31:02",SBIN,2052456,314.05
188530,"2018-01-30 09:31:02",MARUTI,92155,9660.05
188535,"2018-01-30 09:31:04",TATASTEEL,280943,776.85
188541,"2018-01-30 09:31:11",MARUTI,92597,9664.9
188543,"2018-01-30 09:31:12",LT,140967,1418.65
188544,"2018-01-30 09:31:12",TATASTEEL,281408,776.6
188547,"2018-01-30 09:31:14",RELIANCE,242300,961.45
188548,"2018-01-30 09:31:14",SBIN,2077781,314.1
188553,"2018-01-30 09:31:21",TATASTEEL,283882,776.55
188558,"2018-01-30 09:31:22",MARUTI,93042,9660.05
188560,"2018-01-30 09:31:23",RELIANCE,242637,961.4
188561,"2018-01-30 09:31:23",LT,142312,1418.95
188562,"2018-01-30 09:31:24",SBIN,2102941,314.15
188567,"2018-01-30 09:31:30",SBIN,2127303,314.2
188571,"2018-01-30 09:31:31",LT,143151,1418.75
188575,"2018-01-30 09:31:32",TATASTEEL,286044,776.5
188576,"2018-01-30 09:31:32",RELIANCE,242889,961.45
188579,"2018-01-30 09:31:34",MARUTI,93165,9663
188587,"2018-01-30 09:31:40",LT,144102,1419.05
188588,"2018-01-30 09:31:40",RELIANCE,243664,961.05
188590,"2018-01-30 09:31:41",MARUTI,93296,9662
188593,"2018-01-30 09:31:43",SBIN,2168604,313.8
188595,"2018-01-30 09:31:45",TATASTEEL,288084,776.35
188596,"2018-01-30 09:31:48",MARUTI,93475,9662
188602,"2018-01-30 09:31:49",LT,144380,1419
188603,"2018-01-30 09:31:49",SBIN,2192730,314.35
188604,"2018-01-30 09:31:50",TATASTEEL,288789,776.5
188609,"2018-01-30 09:31:53",RELIANCE,244646,961.05
188613,"2018-01-30 09:31:57",MARUTI,94158,9660.9
188614,"2018-01-30 09:31:58",SBIN,2218638,314.3
188619,"2018-01-30 09:31:59",LT,144856,1419.75
188623,"2018-01-30 09:32:00",RELIANCE,244847,961.35
188624,"2018-01-30 09:32:01",TATASTEEL,289860,776.3
188630,"2018-01-30 09:32:04",MARUTI,94282,9660.9
188634,"2018-01-30 09:32:05",RELIANCE,244865,961.35
188635,"2018-01-30 09:32:05",TATASTEEL,295020,777.2
188636,"2018-01-30 09:32:05",LT,145727,1419.1
188637,"2018-01-30 09:32:07",RELIANCE,245043,961.4
188646,"2018-01-30 09:32:09",SBIN,2256898,314.5
188647,"2018-01-30 09:32:09",MARUTI,94492,9661
188657,"2018-01-30 09:32:13",RELIANCE,245894,961.4
188660,"2018-01-30 09:32:14",MARUTI,94538,9661
188661,"2018-01-30 09:32:16",TATASTEEL,296230,777.3
188662,"2018-01-30 09:32:16",SBIN,2279326,314.65
188664,"2018-01-30 09:32:18",LT,145834,1419.75
188673,"2018-01-30 09:32:22",TATASTEEL,298051,776.3
188674,"2018-01-30 09:32:23",LT,146001,1419.95
188677,"2018-01-30 09:32:23",SBIN,2299198,314.6
188679,"2018-01-30 09:32:25",MARUTI,96150,9659.5
188680,"2018-01-30 09:32:25",RELIANCE,246593,961.35
188685,"2018-01-30 09:32:31",RELIANCE,248469,961.2
188687,"2018-01-30 09:32:32",SBIN,2322629,314.45
188688,"2018-01-30 09:32:32",MARUTI,96902,9660.9
188689,"2018-01-30 09:32:32",LT,147224,1420
188690,"2018-01-30 09:32:32",TATASTEEL,301833,776.25
188701,"2018-01-30 09:32:40",TATASTEEL,309857,776.3
188704,"2018-01-30 09:32:41",MARUTI,96999,9660
188705,"2018-01-30 09:32:41",SBIN,2344648,314.4
188706,"2018-01-30 09:32:41",LT,147873,1419.95
188711,"2018-01-30 09:32:48",MARUTI,97101,9660
188712,"2018-01-30 09:32:48",RELIANCE,249113,961.2
188715,"2018-01-30 09:32:49",RELIANCE,249747,961.2
188719,"2018-01-30 09:32:50",LT,148536,1420
188723,"2018-01-30 09:32:53",TATASTEEL,314940,776.15
188724,"2018-01-30 09:32:54",SBIN,2362485,314.55
188728,"2018-01-30 09:32:58",SBIN,2434907,314.95
188729,"2018-01-30 09:32:58",MARUTI,97490,9659
188732,"2018-01-30 09:32:59",LT,149522,1419.65
188740,"2018-01-30 09:33:03",TATASTEEL,319028,776.1
188741,"2018-01-30 09:33:06",RELIANCE,250282,961.15
188744,"2018-01-30 09:33:08",MARUTI,97890,9661
188749,"2018-01-30 09:33:09",SBIN,2474730,315.05
188750,"2018-01-30 09:33:09",LT,149909,1419.7
188751,"2018-01-30 09:33:10",TATASTEEL,321363,775.7
188754,"2018-01-30 09:33:13",RELIANCE,250951,961.1
188756,"2018-01-30 09:33:18",MARUTI,98641,9660.3
188758,"2018-01-30 09:33:18",LT,151262,1419.65
188762,"2018-01-30 09:33:19",SBIN,2538699,315.2
188764,"2018-01-30 09:33:20",TATASTEEL,326337,775.55
188768,"2018-01-30 09:33:22",RELIANCE,252128,961.1
188771,"2018-01-30 09:33:28",TATASTEEL,327594,775.75
188772,"2018-01-30 09:33:28",LT,151532,1420
188775,"2018-01-30 09:33:29",MARUTI,98907,9662
188780,"2018-01-30 09:33:30",RELIANCE,252785,961.4
188783,"2018-01-30 09:33:34",SBIN,2560876,315.1
188787,"2018-01-30 09:33:37",SBIN,2641241,315.5
188788,"2018-01-30 09:33:37",LT,152021,1420
188791,"2018-01-30 09:33:38",TATASTEEL,330107,775.6
188793,"2018-01-30 09:33:38",MARUTI,98985,9660.3
188794,"2018-01-30 09:33:39",RELIANCE,253724,961.65
188804,"2018-01-30 09:33:48",TATASTEEL,333312,775.65
188807,"2018-01-30 09:33:49",LT,152033,1419.75
188808,"2018-01-30 09:33:49",RELIANCE,255808,961.4
188811,"2018-01-30 09:33:49",SBIN,2719638,315.3
188813,"2018-01-30 09:33:53",MARUTI,99181,9659.85
188815,"2018-01-30 09:33:55",TATASTEEL,335385,776
188816,"2018-01-30 09:33:55",MARUTI,99261,9658.5
188819,"2018-01-30 09:33:56",SBIN,2847844,315.65
188824,"2018-01-30 09:33:56",RELIANCE,256112,961.3
188827,"2018-01-30 09:33:58",LT,153080,1419.75
188830,"2018-01-30 09:34:04",MARUTI,99382,9660
188835,"2018-01-30 09:34:05",TATASTEEL,336531,776.35
188839,"2018-01-30 09:34:06",SBIN,2953203,316
188840,"2018-01-30 09:34:07",LT,153333,1419.85
188843,"2018-01-30 09:34:07",SBIN,2984437,315.9
188851,"2018-01-30 09:34:10",RELIANCE,257039,961.5
188852,"2018-01-30 09:34:10",TATASTEEL,337004,776.1
188853,"2018-01-30 09:34:11",LT,153412,1419.3
188854,"2018-01-30 09:34:11",MARUTI,99412,9660
188859,"2018-01-30 09:34:14",RELIANCE,257139,961.5
188864,"2018-01-30 09:34:15",MARUTI,99472,9659.1
188865,"2018-01-30 09:34:15",SBIN,3006264,315.95
188868,"2018-01-30 09:34:17",LT,153503,1419.85
188870,"2018-01-30 09:34:19",TATASTEEL,337302,776
188873,"2018-01-30 09:34:23",LT,153875,1419.95
188875,"2018-01-30 09:34:23",MARUTI,99621,9658
188876,"2018-01-30 09:34:23",RELIANCE,257858,961.7
188877,"2018-01-30 09:34:24",TATASTEEL,339191,776.15
188880,"2018-01-30 09:34:24",SBIN,3046663,315.6
188888,"2018-01-30 09:34:32",MARUTI,99909,9658
188891,"2018-01-30 09:34:33",SBIN,3093108,315.3
188896,"2018-01-30 09:34:34",TATASTEEL,342143,776.15
188897,"2018-01-30 09:34:35",RELIANCE,258402,961.55
188899,"2018-01-30 09:34:37",LT,154984,1419.75
188902,"2018-01-30 09:34:42",RELIANCE,259160,961.35
188905,"2018-01-30 09:34:43",TATASTEEL,344467,776.15
188907,"2018-01-30 09:34:44",LT,155846,1419.1
188910,"2018-01-30 09:34:44",SBIN,3122849,315
188913,"2018-01-30 09:34:47",MARUTI,100931,9658
188919,"2018-01-30 09:34:52",RELIANCE,261959,962.05
188921,"2018-01-30 09:34:52",LT,156297,1419.1
188922,"2018-01-30 09:34:53",MARUTI,101223,9657.9
188927,"2018-01-30 09:34:54",TATASTEEL,348312,776.1
188931,"2018-01-30 09:34:59",SBIN,3147843,315.4
188933,"2018-01-30 09:35:01",RELIANCE,263132,962.3
188935,"2018-01-30 09:35:01",LT,156462,1419.7
188938,"2018-01-30 09:35:02",MARUTI,101507,9658.5
188939,"2018-01-30 09:35:02",SBIN,3176067,315.3
188945,"2018-01-30 09:35:04",TATASTEEL,350536,776.05
188949,"2018-01-30 09:35:11",RELIANCE,267793,963
188950,"2018-01-30 09:35:11",LT,156874,1419.7
188951,"2018-01-30 09:35:12",MARUTI,101620,9658.35
188954,"2018-01-30 09:35:14",TATASTEEL,353392,776.4
188960,"2018-01-30 09:35:20",LT,157312,1419.3
188963,"2018-01-30 09:35:21",MARUTI,101980,9658.5
188964,"2018-01-30 09:35:22",TATASTEEL,355198,776.8
188970,"2018-01-30 09:35:25",RELIANCE,269172,962.7
188978,"2018-01-30 09:35:32",MARUTI,102350,9659
188981,"2018-01-30 09:35:32",TATASTEEL,356367,776.6
188983,"2018-01-30 09:35:33",RELIANCE,270742,962.85
188984,"2018-01-30 09:35:34",LT,158085,1419.85
188985,"2018-01-30 09:35:38",SBIN,3236115,315.85
188986,"2018-01-30 09:35:38",SBIN,3225710,315.8
188993,"2018-01-30 09:35:41",LT,158752,1419.1
188995,"2018-01-30 09:35:42",RELIANCE,273488,963.25
188996,"2018-01-30 09:35:44",MARUTI,102688,9658.4
188997,"2018-01-30 09:35:44",TATASTEEL,359314,777.3
188999,"2018-01-30 09:35:46",SBIN,3236115,315.85
189002,"2018-01-30 09:35:47",LT,159152,1419.4
189003,"2018-01-30 09:35:48",TATASTEEL,359548,776.85
189007,"2018-01-30 09:35:49",SBIN,3321983,315.9
189009,"2018-01-30 09:35:49",RELIANCE,275162,963.6
189010,"2018-01-30 09:35:50",MARUTI,102781,9658.45
189015,"2018-01-30 09:35:55",SBIN,3346236,315.95
189016,"2018-01-30 09:35:55",LT,159614,1419.5
189017,"2018-01-30 09:35:55",RELIANCE,277278,963.4
189019,"2018-01-30 09:35:56",MARUTI,103040,9660
189027,"2018-01-30 09:36:00",TATASTEEL,363362,776.25
189032,"2018-01-30 09:36:03",RELIANCE,278842,963.7
189038,"2018-01-30 09:36:05",SBIN,3369882,315.9
189040,"2018-01-30 09:36:06",LT,159769,1419.75
189043,"2018-01-30 09:36:08",TATASTEEL,363770,776.7
189044,"2018-01-30 09:36:08",MARUTI,103299,9658.65
189047,"2018-01-30 09:36:09",TATASTEEL,364272,776.55
189053,"2018-01-30 09:36:11",LT,160069,1419.8
189054,"2018-01-30 09:36:12",RELIANCE,280504,963.75
189059,"2018-01-30 09:36:13",TATASTEEL,364857,776.6
189061,"2018-01-30 09:36:13",LT,160071,1419.7
189062,"2018-01-30 09:36:14",SBIN,3430764,315.95
189064,"2018-01-30 09:36:14",RELIANCE,281345,963.7
189069,"2018-01-30 09:36:18",MARUTI,103303,9658.9
189071,"2018-01-30 09:36:21",TATASTEEL,365927,776.5
189077,"2018-01-30 09:36:23",LT,160257,1419.4
189078,"2018-01-30 09:36:24",MARUTI,103477,9658.9
189080,"2018-01-30 09:36:24",RELIANCE,282168,963.2
189081,"2018-01-30 09:36:25",SBIN,3461636,316.15
189085,"2018-01-30 09:36:30",SBIN,3475186,316.05
189092,"2018-01-30 09:36:32",LT,161239,1419.9
189095,"2018-01-30 09:36:33",TATASTEEL,366926,776.5
189097,"2018-01-30 09:36:34",MARUTI,104818,9657.7
189099,"2018-01-30 09:36:37",RELIANCE,282513,963.55
189104,"2018-01-30 09:36:40",SBIN,3485508,316.15
189106,"2018-01-30 09:36:41",LT,161273,1419.75
189108,"2018-01-30 09:36:41",MARUTI,104881,9657
189110,"2018-01-30 09:36:42",RELIANCE,286709,964.55
189111,"2018-01-30 09:36:43",TATASTEEL,367620,777
189120,"2018-01-30 09:36:49",SBIN,3519189,315.95
189122,"2018-01-30 09:36:50",TATASTEEL,368220,777.5
189124,"2018-01-30 09:36:50",MARUTI,104918,9655
189126,"2018-01-30 09:36:51",RELIANCE,287232,964.15
189127,"2018-01-30 09:36:52",LT,161720,1420
189136,"2018-01-30 09:36:58",MARUTI,105109,9656.65
189137,"2018-01-30 09:36:58",LT,162107,1419.9
189139,"2018-01-30 09:36:58",SBIN,3542371,316.2
189140,"2018-01-30 09:36:59",RELIANCE,289885,964.6
189143,"2018-01-30 09:37:02",TATASTEEL,369519,777.2
189147,"2018-01-30 09:37:05",SBIN,3561305,316.1
189149,"2018-01-30 09:37:05",TATASTEEL,371079,777.6
189154,"2018-01-30 09:37:07",MARUTI,105412,9655.6
189158,"2018-01-30 09:37:08",LT,162615,1419.9
189160,"2018-01-30 09:37:08",RELIANCE,290288,964.3
189167,"2018-01-30 09:37:15",MARUTI,105589,9655
189169,"2018-01-30 09:37:16",LT,163157,1419.7
189172,"2018-01-30 09:37:16",TATASTEEL,372458,777.35
189174,"2018-01-30 09:37:19",SBIN,3578960,315.85
189176,"2018-01-30 09:37:22",SBIN,3636265,315.8
189177,"2018-01-30 09:37:23",MARUTI,105845,9657
189178,"2018-01-30 09:37:23",TATASTEEL,376377,777.2
189186,"2018-01-30 09:37:26",LT,163331,1419.85
189187,"2018-01-30 09:37:27",RELIANCE,294869,964.15
189194,"2018-01-30 09:37:32",LT,164265,1419.5
189196,"2018-01-30 09:37:33",SBIN,3644182,315.7
189197,"2018-01-30 09:37:33",TATASTEEL,377786,777
189199,"2018-01-30 09:37:33",MARUTI,106031,9655.2
189202,"2018-01-30 09:37:34",RELIANCE,295281,964.25
189205,"2018-01-30 09:37:41",LT,164484,1419.75
189211,"2018-01-30 09:37:43",MARUTI,106447,9655.8
189213,"2018-01-30 09:37:44",SBIN,3651087,315.6
189214,"2018-01-30 09:37:44",TATASTEEL,378908,776.8
189215,"2018-01-30 09:37:44",RELIANCE,297849,964.1
189222,"2018-01-30 09:37:49",LT,164710,1420
189224,"2018-01-30 09:37:50",MARUTI,106697,9655.8
189229,"2018-01-30 09:37:51",TATASTEEL,379441,776.8
189231,"2018-01-30 09:37:52",SBIN,3668239,315.65
189233,"2018-01-30 09:37:54",RELIANCE,299864,964
189235,"2018-01-30 09:37:58",MARUTI,107231,9655.05
189238,"2018-01-30 09:37:59",LT,165103,1419.7
189239,"2018-01-30 09:37:59",SBIN,3685134,315.2
189241,"2018-01-30 09:38:00",RELIANCE,300355,964
189243,"2018-01-30 09:38:03",TATASTEEL,380752,776.5
189246,"2018-01-30 09:38:04",MARUTI,107652,9655
189251,"2018-01-30 09:38:05",LT,166422,1419.65
189257,"2018-01-30 09:38:07",SBIN,3698072,315.25
189259,"2018-01-30 09:38:08",RELIANCE,303156,964
189260,"2018-01-30 09:38:08",MARUTI,107704,9655
189265,"2018-01-30 09:38:10",LT,166622,1420
189268,"2018-01-30 09:38:11",SBIN,3710880,315.25
189272,"2018-01-30 09:38:12",RELIANCE,303442,963.85
189273,"2018-01-30 09:38:13",LT,166648,1419.7
189280,"2018-01-30 09:38:16",TATASTEEL,382784,776.5
189282,"2018-01-30 09:38:21",SBIN,3721559,315.15
189293,"2018-01-30 09:38:24",TATASTEEL,385618,776.05
189295,"2018-01-30 09:38:26",RELIANCE,304915,963.35
189296,"2018-01-30 09:38:26",MARUTI,108103,9651
189297,"2018-01-30 09:38:28",LT,167090,1419.85
189300,"2018-01-30 09:38:31",MARUTI,108278,9650.15
189303,"2018-01-30 09:38:31",TATASTEEL,386968,776
189304,"2018-01-30 09:38:32",RELIANCE,305339,963.3
189308,"2018-01-30 09:38:33",SBIN,3754549,315.05
189313,"2018-01-30 09:38:40",LT,167384,1419.05
189315,"2018-01-30 09:38:40",SBIN,3774322,315.1
189318,"2018-01-30 09:38:40",RELIANCE,307617,962.9
189322,"2018-01-30 09:38:41",TATASTEEL,388034,775.6
189323,"2018-01-30 09:38:42",MARUTI,109713,9640
189327,"2018-01-30 09:38:44",LT,167569,1419.65
189330,"2018-01-30 09:38:48",RELIANCE,308598,963
189331,"2018-01-30 09:38:49",SBIN,3788650,315.05
189335,"2018-01-30 09:38:50",LT,167805,1419.8
189338,"2018-01-30 09:38:51",TATASTEEL,388626,775.7
189340,"2018-01-30 09:38:52",MARUTI,111133,9631.95
189345,"2018-01-30 09:38:58",MARUTI,111503,9632.75
189348,"2018-01-30 09:38:59",LT,168205,1419.8
189349,"2018-01-30 09:38:59",TATASTEEL,389305,775.7
189352,"2018-01-30 09:39:00",RELIANCE,308758,963.05
189358,"2018-01-30 09:39:02",SBIN,3810606,315.35
189362,"2018-01-30 09:39:07",MARUTI,111790,9637.95
189366,"2018-01-30 09:39:08",TATASTEEL,389913,775.7
189367,"2018-01-30 09:39:09",RELIANCE,309154,963.05
189369,"2018-01-30 09:39:10",LT,168354,1419.5
189371,"2018-01-30 09:39:12",SBIN,3818355,315.35
189374,"2018-01-30 09:39:15",SBIN,3821433,315.35
189378,"2018-01-30 09:39:16",MARUTI,112240,9639
189383,"2018-01-30 09:39:18",TATASTEEL,391911,775.35
189385,"2018-01-30 09:39:19",RELIANCE,313008,962.5
189389,"2018-01-30 09:39:24",MARUTI,113118,9635.05
189390,"2018-01-30 09:39:24",LT,168901,1419.75
189393,"2018-01-30 09:39:25",RELIANCE,313680,963.5
189397,"2018-01-30 09:39:27",TATASTEEL,403132,775
189400,"2018-01-30 09:39:30",SBIN,3826051,315.25
189407,"2018-01-30 09:39:35",LT,169351,1419.95
189409,"2018-01-30 09:39:35",SBIN,3842810,315.25
189410,"2018-01-30 09:39:36",RELIANCE,315460,963.3
189411,"2018-01-30 09:39:37",TATASTEEL,414206,775.2
189414,"2018-01-30 09:39:39",MARUTI,113451,9639.55
189421,"2018-01-30 09:39:43",LT,170701,1419.75
189424,"2018-01-30 09:39:44",SBIN,3846299,315.3
189427,"2018-01-30 09:39:46",MARUTI,113498,9636.65
189430,"2018-01-30 09:39:48",TATASTEEL,425881,774.3
189431,"2018-01-30 09:39:50",RELIANCE,315622,962.9
189432,"2018-01-30 09:39:51",TATASTEEL,427445,774.55
189433,"2018-01-30 09:39:51",LT,170832,1419.9
189435,"2018-01-30 09:39:52",RELIANCE,316314,962.9
189437,"2018-01-30 09:39:52",SBIN,3855352,315.35
189445,"2018-01-30 09:39:55",MARUTI,113990,9640.8
189451,"2018-01-30 09:40:00",TATASTEEL,428941,774.5
189452,"2018-01-30 09:40:01",MARUTI,114230,9645.5
189457,"2018-01-30 09:40:02",RELIANCE,316465,962.8
189458,"2018-01-30 09:40:04",RELIANCE,316483,962.9
189461,"2018-01-30 09:40:04",LT,171159,1419.3
189467,"2018-01-30 09:40:06",SBIN,3870467,315.4
189469,"2018-01-30 09:40:08",MARUTI,114356,9645.95
189470,"2018-01-30 09:40:08",TATASTEEL,429041,774.5
189473,"2018-01-30 09:40:12",SBIN,3878561,315.3
189474,"2018-01-30 09:40:12",RELIANCE,316895,962.7
189481,"2018-01-30 09:40:14",SBIN,3879695,315.25
189482,"2018-01-30 09:40:14",MARUTI,114658,9635.05
189488,"2018-01-30 09:40:16",TATASTEEL,430315,774.5
189492,"2018-01-30 09:40:21",LT,171469,1419.75
189493,"2018-01-30 09:40:21",MARUTI,114806,9639.9
189497,"2018-01-30 09:40:23",SBIN,3886384,315.15
189500,"2018-01-30 09:40:23",TATASTEEL,431359,774.3
189501,"2018-01-30 09:40:24",RELIANCE,317091,962.25
189505,"2018-01-30 09:40:26",LT,171783,1419.75
189512,"2018-01-30 09:40:31",RELIANCE,318140,962.2
189515,"2018-01-30 09:40:32",SBIN,3895551,315.2
189516,"2018-01-30 09:40:33",LT,172136,1419.5
189518,"2018-01-30 09:40:33",MARUTI,115555,9634.85
189519,"2018-01-30 09:40:34",TATASTEEL,436866,774.7
189524,"2018-01-30 09:40:40",LT,172298,1419.3
189526,"2018-01-30 09:40:40",MARUTI,115801,9632.05
189527,"2018-01-30 09:40:40",SBIN,3947344,314.75
189534,"2018-01-30 09:40:43",RELIANCE,319201,962.25
189535,"2018-01-30 09:40:43",TATASTEEL,440688,774.7
189539,"2018-01-30 09:40:49",TATASTEEL,444820,774.7
189541,"2018-01-30 09:40:49",SBIN,3968997,314.85
189545,"2018-01-30 09:40:50",MARUTI,116588,9628.1
189549,"2018-01-30 09:40:52",RELIANCE,320622,961.95
189551,"2018-01-30 09:40:52",LT,172755,1419
189558,"2018-01-30 09:40:59",TATASTEEL,450567,775
189559,"2018-01-30 09:40:59",MARUTI,116837,9628.75
189561,"2018-01-30 09:41:00",RELIANCE,320886,961.65
189565,"2018-01-30 09:41:01",SBIN,3975590,314.8
189567,"2018-01-30 09:41:06",LT,173530,1418.75
189569,"2018-01-30 09:41:06",TATASTEEL,456798,775
189570,"2018-01-30 09:41:07",MARUTI,117486,9622.25
189571,"2018-01-30 09:41:07",SBIN,3979732,314.75
189572,"2018-01-30 09:41:08",LT,174685,1418.2
189574,"2018-01-30 09:41:08",RELIANCE,321961,961.9
189582,"2018-01-30 09:41:16",SBIN,4018325,315.25
189584,"2018-01-30 09:41:16",TATASTEEL,459409,775.2
189587,"2018-01-30 09:41:17",LT,175827,1418.15
189593,"2018-01-30 09:41:18",RELIANCE,323567,962.15
189595,"2018-01-30 09:41:20",MARUTI,117643,9626
189599,"2018-01-30 09:41:25",SBIN,4027557,315.15
189600,"2018-01-30 09:41:26",TATASTEEL,460087,775.3
189602,"2018-01-30 09:41:27",RELIANCE,324952,961.65
189606,"2018-01-30 09:41:28",MARUTI,117851,9627
189607,"2018-01-30 09:41:29",LT,176862,1417.5
189611,"2018-01-30 09:41:34",SBIN,4041880,315.15
189613,"2018-01-30 09:41:34",RELIANCE,326210,961.7
189614,"2018-01-30 09:41:34",TATASTEEL,462528,775.5
189621,"2018-01-30 09:41:37",LT,177903,1416.8
189622,"2018-01-30 09:41:37",MARUTI,118037,9625.8
189628,"2018-01-30 09:41:44",SBIN,4062607,315.1
189630,"2018-01-30 09:41:44",RELIANCE,326415,961.7
189631,"2018-01-30 09:41:44",MARUTI,118299,9623.4
189637,"2018-01-30 09:41:50",LT,178389,1417
189638,"2018-01-30 09:41:50",TATASTEEL,464320,776
189643,"2018-01-30 09:41:52",SBIN,4067080,315.2
189644,"2018-01-30 09:41:53",MARUTI,118488,9627
189650,"2018-01-30 09:41:55",TATASTEEL,464818,775.95
189651,"2018-01-30 09:41:56",RELIANCE,327156,961.5
189659,"2018-01-30 09:42:02",LT,179483,1416.8
189660,"2018-01-30 09:42:02",SBIN,4076074,315.05
189661,"2018-01-30 09:42:02",RELIANCE,327307,961.6
189667,"2018-01-30 09:42:04",RELIANCE,327346,961.3
189674,"2018-01-30 09:42:05",MARUTI,118876,9627.95
189676,"2018-01-30 09:42:05",SBIN,4077647,315.05
189679,"2018-01-30 09:42:07",RELIANCE,327404,961.5
189681,"2018-01-30 09:42:07",TATASTEEL,466103,775.8
189683,"2018-01-30 09:42:08",SBIN,4081891,315.25
189684,"2018-01-30 09:42:08",MARUTI,119125,9626.5
189685,"2018-01-30 09:42:09",LT,179771,1416.75
189691,"2018-01-30 09:42:13",TATASTEEL,467031,775.85
189693,"2018-01-30 09:42:13",MARUTI,119329,9625
189696,"2018-01-30 09:42:14",SBIN,4095359,315
189698,"2018-01-30 09:42:14",LT,181569,1416
189699,"2018-01-30 09:42:15",RELIANCE,327575,961.4
189704,"2018-01-30 09:42:21",MARUTI,119884,9620.5
189707,"2018-01-30 09:42:22",TATASTEEL,468218,775.95
189713,"2018-01-30 09:42:23",SBIN,4106533,314.9
189717,"2018-01-30 09:42:28",RELIANCE,328078,961.5
189723,"2018-01-30 09:42:31",MARUTI,119998,9621.6
189726,"2018-01-30 09:42:31",SBIN,4112099,314.85
189727,"2018-01-30 09:42:31",TATASTEEL,469338,776.2
189731,"2018-01-30 09:42:35",RELIANCE,329712,961.5
189734,"2018-01-30 09:42:39",LT,182472,1416.2
189737,"2018-01-30 09:42:39",SBIN,4122271,314.8
189739,"2018-01-30 09:42:40",MARUTI,120687,9620.05
189741,"2018-01-30 09:42:41",RELIANCE,333639,961.1
189744,"2018-01-30 09:42:44",TATASTEEL,470632,775.8
189747,"2018-01-30 09:42:47",LT,184669,1416
189748,"2018-01-30 09:42:48",MARUTI,121636,9618.8
189751,"2018-01-30 09:42:48",TATASTEEL,471074,775.5
189753,"2018-01-30 09:42:49",SBIN,4133528,314.75
189754,"2018-01-30 09:42:49",RELIANCE,334709,961.05
189763,"2018-01-30 09:42:57",MARUTI,123501,9635.65
189765,"2018-01-30 09:42:58",RELIANCE,335855,961.9
189768,"2018-01-30 09:42:58",LT,185813,1416.2
189770,"2018-01-30 09:42:59",TATASTEEL,475637,776
189774,"2018-01-30 09:43:00",SBIN,4159433,315.25
189776,"2018-01-30 09:43:07",RELIANCE,335917,961.75
189779,"2018-01-30 09:43:07",LT,186275,1416.65
189783,"2018-01-30 09:43:08",TATASTEEL,476073,776
189786,"2018-01-30 09:43:09",MARUTI,124077,9631.1
189790,"2018-01-30 09:43:14",SBIN,4182488,315.2
189792,"2018-01-30 09:43:16",SBIN,4187767,315
189795,"2018-01-30 09:43:16",TATASTEEL,478126,776.15
189798,"2018-01-30 09:43:17",RELIANCE,336498,961.5
189800,"2018-01-30 09:43:18",MARUTI,124339,9629.65
189804,"2018-01-30 09:43:25",MARUTI,124565,9619.75
189809,"2018-01-30 09:43:26",RELIANCE,337134,961.5
189815,"2018-01-30 09:43:27",LT,187570,1415.5
189817,"2018-01-30 09:43:29",TATASTEEL,482784,776
189818,"2018-01-30 09:43:29",SBIN,4197526,314.85
189821,"2018-01-30 09:43:35",SBIN,4203874,314.8
189827,"2018-01-30 09:43:37",LT,190768,1415.25
189830,"2018-01-30 09:43:38",MARUTI,124860,9622
189833,"2018-01-30 09:43:40",RELIANCE,337546,961.3
189834,"2018-01-30 09:43:41",TATASTEEL,484322,776.15
189836,"2018-01-30 09:43:44",SBIN,4221792,314.9
189843,"2018-01-30 09:43:46",RELIANCE,337756,961.5
189844,"2018-01-30 09:43:47",LT,192038,1414.95
189847,"2018-01-30 09:43:48",MARUTI,125006,9622.75
189854,"2018-01-30 09:43:54",MARUTI,125194,9626.5
189856,"2018-01-30 09:43:55",SBIN,4243240,314.8
189858,"2018-01-30 09:43:57",LT,192929,1415
189860,"2018-01-30 09:43:58",TATASTEEL,486461,776.45
189863,"2018-01-30 09:44:02",SBIN,4251018,314.8
189867,"2018-01-30 09:44:04",TATASTEEL,486663,776.7
189868,"2018-01-30 09:44:04",RELIANCE,338796,961.45
189872,"2018-01-30 09:44:05",MARUTI,125637,9626.25
189877,"2018-01-30 09:44:07",LT,193778,1414.95
189878,"2018-01-30 09:44:07",MARUTI,125878,9624.1
189879,"2018-01-30 09:44:08",TATASTEEL,487537,776.6
189880,"2018-01-30 09:44:08",SBIN,4252507,314.7
189885,"2018-01-30 09:44:10",RELIANCE,339082,961.5
189898,"2018-01-30 09:44:15",SBIN,4256310,314.65
189899,"2018-01-30 09:44:15",MARUTI,126135,9620.1
189900,"2018-01-30 09:44:16",LT,195571,1413.9
189903,"2018-01-30 09:44:18",RELIANCE,339421,961.3
189904,"2018-01-30 09:44:21",TATASTEEL,487597,776.6
189905,"2018-01-30 09:44:22",MARUTI,126802,9615
189907,"2018-01-30 09:44:23",MARUTI,126135,9620.1
189909,"2018-01-30 09:44:23",RELIANCE,343282,961.35
189911,"2018-01-30 09:44:23",SBIN,4279575,314.6
189914,"2018-01-30 09:44:24",LT,196557,1414
189915,"2018-01-30 09:44:25",TATASTEEL,488481,776.6
189919,"2018-01-30 09:44:26",MARUTI,126802,9615
189922,"2018-01-30 09:44:32",SBIN,4308235,314.25
189923,"2018-01-30 09:44:33",TATASTEEL,490150,776
189928,"2018-01-30 09:44:34",MARUTI,135959,9589.05
189932,"2018-01-30 09:44:34",RELIANCE,343799,961.4
189936,"2018-01-30 09:44:37",LT,197287,1413
189940,"2018-01-30 09:44:42",LT,198061,1413.55
189942,"2018-01-30 09:44:43",TATASTEEL,492187,775.9
189946,"2018-01-30 09:44:43",RELIANCE,344087,961.75
189947,"2018-01-30 09:44:44",MARUTI,137031,9585.1
189951,"2018-01-30 09:44:47",SBIN,4332751,314.45
189952,"2018-01-30 09:44:51",SBIN,4351448,314.65
189954,"2018-01-30 09:44:51",MARUTI,138961,9590.5
189960,"2018-01-30 09:44:53",TATASTEEL,492717,775.8
189962,"2018-01-30 09:44:54",RELIANCE,344668,961.6
189963,"2018-01-30 09:44:54",LT,199570,1413.35
189967,"2018-01-30 09:45:01",SBIN,4360896,314.75
189970,"2018-01-30 09:45:02",TATASTEEL,496633,776.7
189976,"2018-01-30 09:45:04",LT,201183,1415
189977,"2018-01-30 09:45:05",MARUTI,139603,9603.95
189982,"2018-01-30 09:45:10",RELIANCE,349226,962.5
189983,"2018-01-30 09:45:10",SBIN,4365807,314.7
189990,"2018-01-30 09:45:12",MARUTI,139800,9602
189993,"2018-01-30 09:45:15",RELIANCE,351376,962.05
189994,"2018-01-30 09:45:15",TATASTEEL,498752,776.5
189995,"2018-01-30 09:45:20",LT,202710,1414
190001,"2018-01-30 09:45:23",SBIN,4371613,314.75
190002,"2018-01-30 09:45:23",MARUTI,140289,9599
190007,"2018-01-30 09:45:27",TATASTEEL,499599,776.9
190008,"2018-01-30 09:45:29",RELIANCE,352986,961.75
190009,"2018-01-30 09:45:29",SBIN,4376004,314.7
190010,"2018-01-30 09:45:29",MARUTI,141371,9595.5
190013,"2018-01-30 09:45:30",LT,203689,1413.95
190019,"2018-01-30 09:45:32",TATASTEEL,501220,776.8
190024,"2018-01-30 09:45:38",LT,204163,1414.05
190026,"2018-01-30 09:45:39",RELIANCE,355486,961.75
190032,"2018-01-30 09:45:40",TATASTEEL,501535,776.8
190033,"2018-01-30 09:45:41",MARUTI,141732,9595
190034,"2018-01-30 09:45:41",SBIN,4381634,314.7
190041,"2018-01-30 09:45:48",MARUTI,142528,9598.95
190042,"2018-01-30 09:45:48",SBIN,4382312,314.75
190043,"2018-01-30 09:45:48",LT,204477,1413.85
190047,"2018-01-30 09:45:49",TATASTEEL,502654,776.95
190049,"2018-01-30 09:45:50",RELIANCE,355894,961.7
190055,"2018-01-30 09:45:57",SBIN,4387287,314.85
190059,"2018-01-30 09:45:58",MARUTI,143006,9599
190060,"2018-01-30 09:45:58",RELIANCE,356302,961.35
190063,"2018-01-30 09:46:01",TATASTEEL,504160,777
190066,"2018-01-30 09:46:02",MARUTI,143275,9600
190067,"2018-01-30 09:46:03",RELIANCE,358411,961.55
190069,"2018-01-30 09:46:03",LT,205063,1414.75
190071,"2018-01-30 09:46:04",TATASTEEL,507600,777.25
190078,"2018-01-30 09:46:06",RELIANCE,358476,961.8
190079,"2018-01-30 09:46:06",MARUTI,143316,9601
190080,"2018-01-30 09:46:06",SBIN,4393639,314.85
190089,"2018-01-30 09:46:12",MARUTI,143674,9605
190094,"2018-01-30 09:46:13",LT,205766,1414.5
190097,"2018-01-30 09:46:14",RELIANCE,358653,961.8
190098,"2018-01-30 09:46:14",SBIN,4399021,314.95
190100,"2018-01-30 09:46:18",TATASTEEL,509438,777.6
190106,"2018-01-30 09:46:22",LT,206394,1414
190109,"2018-01-30 09:46:23",TATASTEEL,515924,777.65
190110,"2018-01-30 09:46:23",MARUTI,143794,9604
190111,"2018-01-30 09:46:24",RELIANCE,359651,961.95
190115,"2018-01-30 09:46:28",SBIN,4403485,314.75
190119,"2018-01-30 09:46:31",SBIN,4411249,314.85
190121,"2018-01-30 09:46:32",LT,206693,1413.9
190122,"2018-01-30 09:46:32",RELIANCE,360621,961.85
190123,"2018-01-30 09:46:33",TATASTEEL,518888,777.55
190125,"2018-01-30 09:46:34",MARUTI,144032,9609.3
190131,"2018-01-30 09:46:40",LT,207590,1413.55
190134,"2018-01-30 09:46:41",RELIANCE,361063,961.85
190136,"2018-01-30 09:46:41",SBIN,4424313,314.8
190142,"2018-01-30 09:46:43",MARUTI,144333,9610.35
190145,"2018-01-30 09:46:50",TATASTEEL,522274,777.35
190149,"2018-01-30 09:46:50",LT,207983,1413.05
190150,"2018-01-30 09:46:50",RELIANCE,361370,962.25
190154,"2018-01-30 09:46:52",MARUTI,144810,9617.3
190156,"2018-01-30 09:46:53",SBIN,4427729,314.8
190161,"2018-01-30 09:46:59",LT,209827,1413
190162,"2018-01-30 09:46:59",MARUTI,145090,9615
190163,"2018-01-30 09:47:00",TATASTEEL,524634,777.5
190173,"2018-01-30 09:47:03",RELIANCE,361466,961.85
190175,"2018-01-30 09:47:08",MARUTI,145608,9614
190179,"2018-01-30 09:47:09",SBIN,4442469,314.8
190181,"2018-01-30 09:47:10",RELIANCE,362092,961.8
190183,"2018-01-30 09:47:10",LT,210684,1412.5
190187,"2018-01-30 09:47:15",TATASTEEL,527749,777.1
190191,"2018-01-30 09:47:18",SBIN,4456432,314.8
190193,"2018-01-30 09:47:19",RELIANCE,362597,961.8
190194,"2018-01-30 09:47:19",MARUTI,146137,9610
190196,"2018-01-30 09:47:19",TATASTEEL,528513,777.1
190197,"2018-01-30 09:47:20",LT,211398,1412.5
190205,"2018-01-30 09:47:28",TATASTEEL,534699,777.15
190211,"2018-01-30 09:47:30",SBIN,4458076,314.85
190213,"2018-01-30 09:47:31",MARUTI,146373,9607.9
190214,"2018-01-30 09:47:31",RELIANCE,363612,961.5
190215,"2018-01-30 09:47:31",LT,215775,1411.2
190219,"2018-01-30 09:47:36",MARUTI,147037,9602
190220,"2018-01-30 09:47:37",MARUTI,146373,9607.9
190227,"2018-01-30 09:47:39",TATASTEEL,544972,776.85
190228,"2018-01-30 09:47:39",SBIN,4462429,314.9
190229,"2018-01-30 09:47:39",RELIANCE,363864,961.45
190230,"2018-01-30 09:47:40",MARUTI,147037,9602
190242,"2018-01-30 09:47:48",MARUTI,147465,9602
190244,"2018-01-30 09:47:49",RELIANCE,364833,961.45
190247,"2018-01-30 09:47:52",LT,219342,1413.75
190248,"2018-01-30 09:47:53",TATASTEEL,552459,778
190250,"2018-01-30 09:47:56",MARUTI,148599,9593
190251,"2018-01-30 09:47:57",LT,219777,1413.25
190252,"2018-01-30 09:47:57",RELIANCE,365031,962
190253,"2018-01-30 09:47:57",SBIN,4516268,315.6
190257,"2018-01-30 09:47:58",TATASTEEL,555060,777.9
190263,"2018-01-30 09:48:03",TATASTEEL,556712,777.9
190268,"2018-01-30 09:48:04",RELIANCE,365086,961.8
190269,"2018-01-30 09:48:05",MARUTI,149537,9595
190276,"2018-01-30 09:48:07",RELIANCE,365339,961.95
190277,"2018-01-30 09:48:08",SBIN,4551526,315.8
190278,"2018-01-30 09:48:08",TATASTEEL,562194,778.5
190281,"2018-01-30 09:48:09",LT,220047,1413.95
190284,"2018-01-30 09:48:10",RELIANCE,365608,961.8
190285,"2018-01-30 09:48:11",LT,220283,1414
190286,"2018-01-30 09:48:11",TATASTEEL,570030,779.4
190287,"2018-01-30 09:48:11",MARUTI,149821,9594.4
190290,"2018-01-30 09:48:12",TATASTEEL,571416,779.6
190292,"2018-01-30 09:48:13",LT,220349,1414.1
190295,"2018-01-30 09:48:13",MARUTI,149963,9592.75
190298,"2018-01-30 09:48:14",SBIN,4592506,315.9
190300,"2018-01-30 09:48:15",RELIANCE,365899,961.75
190308,"2018-01-30 09:48:22",SBIN,4612829,315.85
190310,"2018-01-30 09:48:22",RELIANCE,366198,961.75
190312,"2018-01-30 09:48:23",MARUTI,150459,9591.55
190314,"2018-01-30 09:48:23",TATASTEEL,593986,780.25
190320,"2018-01-30 09:48:29",LT,221130,1413.6
190326,"2018-01-30 09:48:32",RELIANCE,366612,961.75
190329,"2018-01-30 09:48:33",MARUTI,151003,9595.35
190331,"2018-01-30 09:48:34",SBIN,4646745,315.75
190334,"2018-01-30 09:48:37",LT,221407,1414.2
190335,"2018-01-30 09:48:37",TATASTEEL,601425,779.8
190337,"2018-01-30 09:48:41",MARUTI,151599,9593
190342,"2018-01-30 09:48:42",TATASTEEL,607634,780.1
190345,"2018-01-30 09:48:42",LT,221734,1414.5
190348,"2018-01-30 09:48:44",RELIANCE,367079,961.8
190349,"2018-01-30 09:48:44",SBIN,4651425,315.7
190354,"2018-01-30 09:48:50",MARUTI,153549,9590.3
190355,"2018-01-30 09:48:51",LT,222414,1414
190357,"2018-01-30 09:48:51",RELIANCE,369207,962.55
190359,"2018-01-30 09:48:54",SBIN,4657195,315.65
190361,"2018-01-30 09:48:54",TATASTEEL,628569,780.35
190368,"2018-01-30 09:49:00",TATASTEEL,634600,780.2
190370,"2018-01-30 09:49:00",SBIN,4678554,315.7
190372,"2018-01-30 09:49:00",RELIANCE,369477,962.45
190376,"2018-01-30 09:49:02",LT,222590,1415
190379,"2018-01-30 09:49:08",MARUTI,156227,9587.85
190380,"2018-01-30 09:49:08",MARUTI,155199,9589.95
190382,"2018-01-30 09:49:09",TATASTEEL,641778,780.4
190388,"2018-01-30 09:49:11",LT,223290,1415
190389,"2018-01-30 09:49:11",RELIANCE,370499,963
190391,"2018-01-30 09:49:13",MARUTI,156227,9587.85
190394,"2018-01-30 09:49:18",SBIN,4688180,315.8
190396,"2018-01-30 09:49:20",TATASTEEL,645764,780.25
190397,"2018-01-30 09:49:21",MARUTI,156854,9585
190398,"2018-01-30 09:49:21",SBIN,4700658,315.95
190404,"2018-01-30 09:49:22",RELIANCE,372002,962.5
190409,"2018-01-30 09:49:24",LT,225224,1414.95
190412,"2018-01-30 09:49:31",TATASTEEL,647896,780.2
190415,"2018-01-30 09:49:32",LT,225894,1414.45
190418,"2018-01-30 09:49:32",SBIN,4712220,315.8
190423,"2018-01-30 09:49:35",MARUTI,157589,9585
190424,"2018-01-30 09:49:36",RELIANCE,373385,962.9
190428,"2018-01-30 09:49:41",LT,226140,1414.5
190429,"2018-01-30 09:49:41",RELIANCE,373743,962.9
190432,"2018-01-30 09:49:43",SBIN,4720184,315.9
190437,"2018-01-30 09:49:47",TATASTEEL,650283,780.05
190442,"2018-01-30 09:49:52",SBIN,4724611,315.8
190443,"2018-01-30 09:49:53",LT,226385,1414.65
190448,"2018-01-30 09:49:57",TATASTEEL,651947,780.05
190449,"2018-01-30 09:49:59",RELIANCE,374321,962.5
190451,"2018-01-30 09:49:59",MARUTI,158814,9595.35
190454,"2018-01-30 09:50:00",SBIN,4769084,316.05
190455,"2018-01-30 09:50:00",LT,226852,1414.15
190456,"2018-01-30 09:50:01",TATASTEEL,655247,780.05
190461,"2018-01-30 09:50:02",RELIANCE,374905,962.35
190465,"2018-01-30 09:50:03",MARUTI,158819,9595.3
190467,"2018-01-30 09:50:04",LT,226968,1414.5
190470,"2018-01-30 09:50:04",SBIN,4789871,316.2
190471,"2018-01-30 09:50:04",RELIANCE,375937,962.5
190476,"2018-01-30 09:50:05",TATASTEEL,655924,780.05
190480,"2018-01-30 09:50:08",MARUTI,158937,9591.45
190482,"2018-01-30 09:50:09",RELIANCE,376047,962.9
190483,"2018-01-30 09:50:09",MARUTI,158942,9591.45
190486,"2018-01-30 09:50:10",SBIN,4795046,316.1
190491,"2018-01-30 09:50:11",LT,227467,1415
190500,"2018-01-30 09:50:13",LT,227677,1414.95
190501,"2018-01-30 09:50:14",SBIN,4799541,316.1
190503,"2018-01-30 09:50:14",MARUTI,159080,9590.1
190504,"2018-01-30 09:50:14",RELIANCE,376533,962.55
190506,"2018-01-30 09:50:17",TATASTEEL,658173,779.85
190512,"2018-01-30 09:50:21",SBIN,4827596,316.2
190515,"2018-01-30 09:50:22",RELIANCE,377341,962.75
190516,"2018-01-30 09:50:22",LT,228527,1414.75
190521,"2018-01-30 09:50:26",MARUTI,159440,9587.05
190522,"2018-01-30 09:50:29",MARUTI,159958,9592
190531,"2018-01-30 09:50:31",TATASTEEL,660382,779.5
190534,"2018-01-30 09:50:32",SBIN,4838467,316.15
190535,"2018-01-30 09:50:32",LT,228657,1414.15
190536,"2018-01-30 09:50:34",RELIANCE,377639,962.8
190537,"2018-01-30 09:50:37",RELIANCE,377798,962.65
190538,"2018-01-30 09:50:38",LT,229155,1414
190549,"2018-01-30 09:50:42",SBIN,4867483,316.2
190550,"2018-01-30 09:50:42",TATASTEEL,661163,779.5
190551,"2018-01-30 09:50:43",MARUTI,160330,9590
190552,"2018-01-30 09:50:47",SBIN,4893539,316.15
190559,"2018-01-30 09:50:50",LT,229604,1414.45
190560,"2018-01-30 09:50:50",MARUTI,160723,9593.95
190563,"2018-01-30 09:50:51",TATASTEEL,662237,779.55
190566,"2018-01-30 09:50:52",RELIANCE,379295,963
190568,"2018-01-30 09:50:55",MARUTI,160850,9591
190570,"2018-01-30 09:50:56",TATASTEEL,663069,779.5
190572,"2018-01-30 09:50:56",LT,229905,1414.45
190573,"2018-01-30 09:50:56",RELIANCE,379386,963
190574,"2018-01-30 09:50:56",SBIN,4919280,316.3
190583,"2018-01-30 09:51:04",RELIANCE,380688,962.85
190590,"2018-01-30 09:51:06",LT,230580,1414.3
190591,"2018-01-30 09:51:06",TATASTEEL,664393,779.5
190593,"2018-01-30 09:51:06",MARUTI,160939,9593.7
190596,"2018-01-30 09:51:09",SBIN,4936267,316
190601,"2018-01-30 09:51:13",RELIANCE,381021,962.9
190602,"2018-01-30 09:51:13",SBIN,4956731,316.3
190605,"2018-01-30 09:51:14",LT,230628,1414
190608,"2018-01-30 09:51:16",TATASTEEL,665702,779.45
190609,"2018-01-30 09:51:18",MARUTI,161006,9594.9
190612,"2018-01-30 09:51:21",RELIANCE,381083,962.85
190614,"2018-01-30 09:51:21",SBIN,4974333,316
190616,"2018-01-30 09:51:22",MARUTI,161073,9599
190618,"2018-01-30 09:51:22",TATASTEEL,666090,779.65
190623,"2018-01-30 09:51:23",LT,231139,1414
190629,"2018-01-30 09:51:30",SBIN,4985051,315.9
190630,"2018-01-30 09:51:30",LT,231150,1414.05
190631,"2018-01-30 09:51:30",TATASTEEL,667202,779.35
190632,"2018-01-30 09:51:31",MARUTI,161731,9600.65
190633,"2018-01-30 09:51:31",RELIANCE,383064,962.8
190641,"2018-01-30 09:51:38",SBIN,5004617,316
190643,"2018-01-30 09:51:38",MARUTI,161967,9601
190644,"2018-01-30 09:51:38",RELIANCE,383155,963.1
190647,"2018-01-30 09:51:39",TATASTEEL,668518,779.25
190653,"2018-01-30 09:51:42",LT,232994,1414.25
190655,"2018-01-30 09:51:47",TATASTEEL,669548,779.15
190656,"2018-01-30 09:51:47",RELIANCE,383641,963.15
190660,"2018-01-30 09:51:49",LT,233586,1413
190661,"2018-01-30 09:51:49",MARUTI,162242,9605
190663,"2018-01-30 09:51:49",SBIN,5016407,315.9
190670,"2018-01-30 09:51:56",TATASTEEL,671854,778.75
190674,"2018-01-30 09:51:57",LT,234746,1413
190675,"2018-01-30 09:51:57",SBIN,5028881,315.8
190676,"2018-01-30 09:51:58",MARUTI,162398,9605
190682,"2018-01-30 09:52:03",LT,234850,1412.9
190689,"2018-01-30 09:52:04",SBIN,5042886,315.8
190690,"2018-01-30 09:52:04",RELIANCE,384917,962.7
190691,"2018-01-30 09:52:04",MARUTI,162600,9610
190693,"2018-01-30 09:52:05",TATASTEEL,673882,778.75
190699,"2018-01-30 09:52:08",LT,235221,1412.55
190701,"2018-01-30 09:52:08",RELIANCE,385267,962.75
190703,"2018-01-30 09:52:09",TATASTEEL,674374,778.5
190704,"2018-01-30 09:52:10",MARUTI,162710,9607.5
190705,"2018-01-30 09:52:10",SBIN,5050372,315.95
190709,"2018-01-30 09:52:12",RELIANCE,386598,961.6
190711,"2018-01-30 09:52:12",TATASTEEL,675245,778.8
190714,"2018-01-30 09:52:13",SBIN,5054263,315.85
190716,"2018-01-30 09:52:14",MARUTI,162985,9603.95
190722,"2018-01-30 09:52:16",LT,235384,1412.25
190723,"2018-01-30 09:52:21",MARUTI,163166,9601
190729,"2018-01-30 09:52:22",RELIANCE,386654,961.75
190732,"2018-01-30 09:52:23",TATASTEEL,676673,778.25
190736,"2018-01-30 09:52:26",LT,236134,1412
190737,"2018-01-30 09:52:27",SBIN,5056913,315.8
190743,"2018-01-30 09:52:30",SBIN,5064012,315.8
190748,"2018-01-30 09:52:32",TATASTEEL,678037,778.2
190750,"2018-01-30 09:52:32",RELIANCE,388086,961.85
190751,"2018-01-30 09:52:33",MARUTI,163317,9601.1
190752,"2018-01-30 09:52:38",SBIN,5072128,315.75
190755,"2018-01-30 09:52:39",TATASTEEL,679029,778.05
190757,"2018-01-30 09:52:39",MARUTI,163379,9603
190763,"2018-01-30 09:52:42",LT,236769,1412.85
190764,"2018-01-30 09:52:42",RELIANCE,388628,961.8
190771,"2018-01-30 09:52:48",MARUTI,163675,9603
190777,"2018-01-30 09:52:50",TATASTEEL,681722,778.1
190779,"2018-01-30 09:52:51",LT,237017,1412.8
190780,"2018-01-30 09:52:51",RELIANCE,391264,962
190782,"2018-01-30 09:52:51",SBIN,5077896,315.7
190785,"2018-01-30 09:52:57",SBIN,5100087,316
190791,"2018-01-30 09:52:58",TATASTEEL,686944,778.25
190793,"2018-01-30 09:53:00",RELIANCE,392950,962.45
190794,"2018-01-30 09:53:01",MARUTI,163958,9603.05
190795,"2018-01-30 09:53:03",LT,238796,1413.1
190798,"2018-01-30 09:53:07",TATASTEEL,689981,778.35
190805,"2018-01-30 09:53:10",RELIANCE,394041,962.4
190806,"2018-01-30 09:53:10",LT,241636,1413.35
190807,"2018-01-30 09:53:11",MARUTI,164167,9605.6
190810,"2018-01-30 09:53:13",SBIN,5173455,315.95
190814,"2018-01-30 09:53:16",MARUTI,164292,9605.75
190820,"2018-01-30 09:53:19",LT,241954,1413.3
190822,"2018-01-30 09:53:20",SBIN,5190673,315.85
190824,"2018-01-30 09:53:22",RELIANCE,395983,962
190825,"2018-01-30 09:53:23",TATASTEEL,691761,778.65
190827,"2018-01-30 09:53:26",TATASTEEL,691954,778.45
190836,"2018-01-30 09:53:28",SBIN,5203608,315.85
190838,"2018-01-30 09:53:28",MARUTI,164604,9607.45
190840,"2018-01-30 09:53:30",LT,242405,1413.45
190841,"2018-01-30 09:53:31",RELIANCE,396473,962.5
190846,"2018-01-30 09:53:36",TATASTEEL,693116,778.45
190848,"2018-01-30 09:53:37",MARUTI,164750,9607
190852,"2018-01-30 09:53:39",SBIN,5236113,315.85
190853,"2018-01-30 09:53:40",LT,243346,1412.55
190858,"2018-01-30 09:53:45",MARUTI,165017,9607
190861,"2018-01-30 09:53:45",RELIANCE,398057,962.15
190862,"2018-01-30 09:53:46",LT,243457,1412.55
190868,"2018-01-30 09:53:49",SBIN,5245292,315.95
190869,"2018-01-30 09:53:52",TATASTEEL,693729,778.15
190872,"2018-01-30 09:53:53",RELIANCE,398898,962.4
190876,"2018-01-30 09:53:55",TATASTEEL,696379,778.95
190879,"2018-01-30 09:53:57",MARUTI,165125,9606.05
190882,"2018-01-30 09:53:57",SBIN,5255528,316.1
190884,"2018-01-30 09:54:01",LT,243708,1413.4
190885,"2018-01-30 09:54:03",MARUTI,165345,9607
190886,"2018-01-30 09:54:03",SBIN,5267234,316.15
190887,"2018-01-30 09:54:03",LT,243892,1413.6
190891,"2018-01-30 09:54:04",MARUTI,165333,9606
190896,"2018-01-30 09:54:06",RELIANCE,399375,962.05
190898,"2018-01-30 09:54:07",TATASTEEL,698005,778.95
190901,"2018-01-30 09:54:08",LT,244336,1414
190904,"2018-01-30 09:54:09",RELIANCE,400785,962.1
190905,"2018-01-30 09:54:10",MARUTI,165349,9606
190907,"2018-01-30 09:54:11",TATASTEEL,698746,779.2
190908,"2018-01-30 09:54:11",SBIN,5278890,316.15
190913,"2018-01-30 09:54:13",RELIANCE,401476,961.95
190915,"2018-01-30 09:54:13",MARUTI,165430,9608
190917,"2018-01-30 09:54:14",SBIN,5290499,316.1
190921,"2018-01-30 09:54:18",LT,244456,1413.5
190922,"2018-01-30 09:54:20",TATASTEEL,699827,778.95
190924,"2018-01-30 09:54:23",SBIN,5306953,316.1
190926,"2018-01-30 09:54:23",TATASTEEL,700008,778.75
190927,"2018-01-30 09:54:23",MARUTI,165748,9606.1
190928,"2018-01-30 09:54:23",RELIANCE,401896,961.95
190937,"2018-01-30 09:54:28",LT,247584,1414.35
190938,"2018-01-30 09:54:33",SBIN,5316137,316.1
190942,"2018-01-30 09:54:33",MARUTI,165982,9606.65
190946,"2018-01-30 09:54:34",LT,248087,1413.9
190949,"2018-01-30 09:54:36",TATASTEEL,700703,778.6
190951,"2018-01-30 09:54:38",RELIANCE,403708,962.3
190956,"2018-01-30 09:54:42",TATASTEEL,702076,778.25
190960,"2018-01-30 09:54:43",MARUTI,166147,9605.25
190961,"2018-01-30 09:54:43",RELIANCE,403933,962
190962,"2018-01-30 09:54:44",SBIN,5330188,316.15
190966,"2018-01-30 09:54:50",SBIN,5341867,316.15
190971,"2018-01-30 09:54:52",TATASTEEL,703521,778
190975,"2018-01-30 09:54:54",RELIANCE,405088,962.5
190979,"2018-01-30 09:54:58",LT,248683,1414.5
190980,"2018-01-30 09:54:59",MARUTI,166636,9610.85
190986,"2018-01-30 09:55:01",MARUTI,166739,9610.95
190990,"2018-01-30 09:55:02",RELIANCE,405343,962.05
190991,"2018-01-30 09:55:03",SBIN,5354706,316.1
190994,"2018-01-30 09:55:06",TATASTEEL,704386,778.25
190995,"2018-01-30 09:55:08",LT,249198,1414.25
190997,"2018-01-30 09:55:10",SBIN,5540976,316.4
190999,"2018-01-30 09:55:10",TATASTEEL,705924,778.8
191003,"2018-01-30 09:55:11",LT,249943,1414.75
191006,"2018-01-30 09:55:11",RELIANCE,406730,962.25
191010,"2018-01-30 09:55:17",MARUTI,167065,9617
191013,"2018-01-30 09:55:18",RELIANCE,407125,962.5
191014,"2018-01-30 09:55:18",MARUTI,167350,9615
191015,"2018-01-30 09:55:19",LT,250284,1415
191020,"2018-01-30 09:55:21",SBIN,5581202,316.6
191023,"2018-01-30 09:55:22",TATASTEEL,706536,778.5
191026,"2018-01-30 09:55:27",MARUTI,167568,9615.1
191027,"2018-01-30 09:55:28",SBIN,5615034,316.65
191030,"2018-01-30 09:55:28",TATASTEEL,707141,778.15
191032,"2018-01-30 09:55:29",RELIANCE,407410,962.25
191033,"2018-01-30 09:55:29",LT,250763,1414.65
191041,"2018-01-30 09:55:36",RELIANCE,407567,962.25
191042,"2018-01-30 09:55:36",SBIN,5664548,316.8
191044,"2018-01-30 09:55:37",TATASTEEL,707487,778.35
191052,"2018-01-30 09:55:40",LT,250891,1414.45
191055,"2018-01-30 09:55:45",LT,252248,1414.3
191056,"2018-01-30 09:55:45",SBIN,5815089,317.1
191061,"2018-01-30 09:55:47",RELIANCE,408538,962.5
191067,"2018-01-30 09:55:53",MARUTI,168143,9615.95
191068,"2018-01-30 09:55:53",MARUTI,168295,9613.2
191070,"2018-01-30 09:55:54",TATASTEEL,708843,778.4
191072,"2018-01-30 09:55:54",SBIN,5920397,317.4
191077,"2018-01-30 09:55:57",RELIANCE,408734,962.25
191081,"2018-01-30 09:56:01",LT,252532,1414.4
191085,"2018-01-30 09:56:03",MARUTI,168371,9618
191086,"2018-01-30 09:56:03",LT,253089,1414.55
191090,"2018-01-30 09:56:04",RELIANCE,409718,962.5
191093,"2018-01-30 09:56:04",SBIN,5969637,317.45
191100,"2018-01-30 09:56:08",LT,253176,1415
191101,"2018-01-30 09:56:09",SBIN,6009691,317.2
191102,"2018-01-30 09:56:09",RELIANCE,409766,962.15
191104,"2018-01-30 09:56:10",TATASTEEL,710287,778.25
191107,"2018-01-30 09:56:11",SBIN,6038176,317.35
191108,"2018-01-30 09:56:11",MARUTI,168919,9619
191112,"2018-01-30 09:56:12",TATASTEEL,710374,778.2
191117,"2018-01-30 09:56:13",RELIANCE,409867,962.3
191118,"2018-01-30 09:56:14",LT,253207,1415
191124,"2018-01-30 09:56:20",RELIANCE,410990,962.3
191125,"2018-01-30 09:56:20",LT,253828,1414.1
191129,"2018-01-30 09:56:21",TATASTEEL,711296,778.15
191135,"2018-01-30 09:56:24",SBIN,6084382,317.35
191136,"2018-01-30 09:56:28",SBIN,6111331,317.3
191140,"2018-01-30 09:56:29",RELIANCE,411385,962.1
191141,"2018-01-30 09:56:29",MARUTI,169207,9616.95
191148,"2018-01-30 09:56:33",LT,254375,1413.75
191149,"2018-01-30 09:56:33",TATASTEEL,712250,778.2
191150,"2018-01-30 09:56:38",MARUTI,169306,9613.1
191153,"2018-01-30 09:56:38",SBIN,6143384,317.35
191155,"2018-01-30 09:56:39",RELIANCE,414363,962
191157,"2018-01-30 09:56:40",TATASTEEL,712416,778.25
191162,"2018-01-30 09:56:43",LT,254716,1414.25
191168,"2018-01-30 09:56:47",LT,255456,1414.3
191170,"2018-01-30 09:56:48",RELIANCE,414919,961.7
191173,"2018-01-30 09:56:48",TATASTEEL,713396,778.5
191174,"2018-01-30 09:56:49",SBIN,6182371,317.55
191177,"2018-01-30 09:56:55",MARUTI,169515,9615.75
191178,"2018-01-30 09:56:56",MARUTI,169616,9616.1
191184,"2018-01-30 09:56:58",RELIANCE,414966,961.6
191185,"2018-01-30 09:56:58",LT,255624,1412.9
191187,"2018-01-30 09:56:59",TATASTEEL,714532,778.2
191191,"2018-01-30 09:57:04",SBIN,6282000,318
191193,"2018-01-30 09:57:05",MARUTI,170886,9619
191196,"2018-01-30 09:57:05",RELIANCE,416282,961.5
191198,"2018-01-30 09:57:06",TATASTEEL,715117,778.2
191201,"2018-01-30 09:57:07",SBIN,6328318,317.5
191205,"2018-01-30 09:57:11",LT,256485,1413.1
191207,"2018-01-30 09:57:13",SBIN,6359782,317.85
191209,"2018-01-30 09:57:14",TATASTEEL,716165,778.35
191215,"2018-01-30 09:57:15",RELIANCE,417392,961.45
191220,"2018-01-30 09:57:18",MARUTI,171231,9616.1
191225,"2018-01-30 09:57:24",RELIANCE,417435,961.65
191227,"2018-01-30 09:57:24",LT,256784,1413.5
191229,"2018-01-30 09:57:25",MARUTI,172480,9625.7
191233,"2018-01-30 09:57:26",SBIN,6376995,317.8
191235,"2018-01-30 09:57:28",TATASTEEL,716450,778.3
191236,"2018-01-30 09:57:32",SBIN,6408787,317.7
191238,"2018-01-30 09:57:33",LT,257266,1413.3
191242,"2018-01-30 09:57:34",RELIANCE,419659,961.45
191244,"2018-01-30 09:57:35",MARUTI,173032,9623
191249,"2018-01-30 09:57:37",TATASTEEL,717080,778.15
191252,"2018-01-30 09:57:42",TATASTEEL,719324,778.45
191253,"2018-01-30 09:57:42",SBIN,6425649,317.55
191254,"2018-01-30 09:57:42",MARUTI,173344,9623
191257,"2018-01-30 09:57:43",LT,258739,1413
191262,"2018-01-30 09:57:44",RELIANCE,419970,961.85
191267,"2018-01-30 09:57:51",MARUTI,173688,9620.3
191268,"2018-01-30 09:57:51",RELIANCE,420755,961.9
191269,"2018-01-30 09:57:52",SBIN,6452190,317.7
191274,"2018-01-30 09:57:53",TATASTEEL,720014,778.65
191278,"2018-01-30 09:57:55",LT,258989,1413.25
191283,"2018-01-30 09:58:02",MARUTI,174004,9619.1
191290,"2018-01-30 09:58:03",SBIN,6483154,317.55
191291,"2018-01-30 09:58:03",LT,259268,1413.65
191292,"2018-01-30 09:58:03",TATASTEEL,720280,778.25
191293,"2018-01-30 09:58:03",LT,260011,1413.95
191294,"2018-01-30 09:58:04",RELIANCE,421390,961.55
191299,"2018-01-30 09:58:06",MARUTI,174064,9618.85
191300,"2018-01-30 09:58:06",TATASTEEL,720628,778.15
191307,"2018-01-30 09:58:12",SBIN,6503362,317.5
191311,"2018-01-30 09:58:12",MARUTI,174293,9620.3
191312,"2018-01-30 09:58:13",LT,260022,1414.1
191313,"2018-01-30 09:58:13",RELIANCE,422395,961.55
191320,"2018-01-30 09:58:15",SBIN,6505965,317.6
191321,"2018-01-30 09:58:15",TATASTEEL,721854,778.3
191325,"2018-01-30 09:58:22",SBIN,6521704,317.55
191326,"2018-01-30 09:58:23",LT,260739,1414.35
191330,"2018-01-30 09:58:24",MARUTI,174472,9623
191334,"2018-01-30 09:58:26",TATASTEEL,723397,778.5
191335,"2018-01-30 09:58:26",RELIANCE,422639,961.85
191339,"2018-01-30 09:58:32",MARUTI,174638,9620.3
191340,"2018-01-30 09:58:32",SBIN,6543586,317.25
191342,"2018-01-30 09:58:33",RELIANCE,424547,961.55
191343,"2018-01-30 09:58:33",LT,261699,1414.25
191348,"2018-01-30 09:58:36",TATASTEEL,724809,778.4
191353,"2018-01-30 09:58:43",SBIN,6567680,317.4
191357,"2018-01-30 09:58:43",LT,262263,1415
191361,"2018-01-30 09:58:45",MARUTI,174735,9621.75
191362,"2018-01-30 09:58:45",RELIANCE,424939,961.85
191366,"2018-01-30 09:58:50",TATASTEEL,725553,778.4
191367,"2018-01-30 09:58:51",MARUTI,175038,9621.95
191370,"2018-01-30 09:58:53",LT,262415,1414.9
191372,"2018-01-30 09:58:53",RELIANCE,425525,961.8
191378,"2018-01-30 09:58:57",SBIN,6577004,317.2
191380,"2018-01-30 09:58:58",TATASTEEL,728320,778.4
191382,"2018-01-30 09:59:01",SBIN,6594065,317.1
191385,"2018-01-30 09:59:01",LT,265145,1414.95
191389,"2018-01-30 09:59:02",MARUTI,175182,9622
191393,"2018-01-30 09:59:04",RELIANCE,426066,961.8
191394,"2018-01-30 09:59:05",TATASTEEL,728886,778.45
191396,"2018-01-30 09:59:11",LT,265729,1414.9
191397,"2018-01-30 09:59:11",LT,265145,1414.95
191399,"2018-01-30 09:59:12",SBIN,6623781,317.05
191401,"2018-01-30 09:59:12",LT,265729,1414.9
191403,"2018-01-30 09:59:13",MARUTI,175796,9620
191404,"2018-01-30 09:59:13",RELIANCE,427264,961.7
191407,"2018-01-30 09:59:14",TATASTEEL,730966,778.5
191417,"2018-01-30 09:59:21",SBIN,6634727,317
191419,"2018-01-30 09:59:22",LT,266830,1414.8
191421,"2018-01-30 09:59:22",TATASTEEL,731041,778.35
191425,"2018-01-30 09:59:25",RELIANCE,427792,961.7
191427,"2018-01-30 09:59:27",MARUTI,176018,9619.95
191431,"2018-01-30 09:59:34",LT,267273,1414.75
191436,"2018-01-30 09:59:36",MARUTI,176744,9623.6
191440,"2018-01-30 09:59:38",TATASTEEL,732941,778.5
191441,"2018-01-30 09:59:40",SBIN,6657730,316.95
191444,"2018-01-30 09:59:40",LT,267563,1414.8
191446,"2018-01-30 09:59:41",MARUTI,177017,9626.55
191449,"2018-01-30 09:59:42",RELIANCE,429595,961.65
191452,"2018-01-30 09:59:44",TATASTEEL,733509,778.35
191458,"2018-01-30 09:59:51",LT,268046,1415
191460,"2018-01-30 09:59:51",SBIN,6672868,316.9
191465,"2018-01-30 09:59:52",MARUTI,177770,9625.45
191468,"2018-01-30 09:59:54",RELIANCE,430709,961.65
191471,"2018-01-30 09:59:55",TATASTEEL,735811,778.4
191473,"2018-01-30 09:59:59",MARUTI,178277,9625.95
191474,"2018-01-30 09:59:59",TATASTEEL,736579,778.4
191477,"2018-01-30 10:00:04",RELIANCE,431891,961.75
191479,"2018-01-30 10:00:09",TATASTEEL,738020,778.5
191482,"2018-01-30 10:00:10",SBIN,6693329,316.95
191487,"2018-01-30 10:00:13",MARUTI,179120,9610
191489,"2018-01-30 10:00:14",RELIANCE,432596,961.45
191490,"2018-01-30 10:00:14",LT,269378,1414.6
191491,"2018-01-30 10:00:14",SBIN,6694332,316.95
191496,"2018-01-30 10:00:16",TATASTEEL,738220,778.5
191501,"2018-01-30 10:00:23",LT,269430,1414.25
191503,"2018-01-30 10:00:24",TATASTEEL,738756,778.45
191504,"2018-01-30 10:00:24",RELIANCE,433072,961.6
191506,"2018-01-30 10:00:25",SBIN,6720228,317
191512,"2018-01-30 10:00:28",MARUTI,179307,9616.95
191513,"2018-01-30 10:00:33",LT,269940,1414.8
191514,"2018-01-30 10:00:33",MARUTI,179753,9620.15
191519,"2018-01-30 10:00:33",RELIANCE,433384,961.55
191521,"2018-01-30 10:00:34",SBIN,6735990,317.05
191522,"2018-01-30 10:00:34",TATASTEEL,739090,778.2
191529,"2018-01-30 10:00:41",SBIN,6750231,317.25
191531,"2018-01-30 10:00:41",MARUTI,179821,9620
191535,"2018-01-30 10:00:43",RELIANCE,433803,961.55
191541,"2018-01-30 10:00:48",LT,270231,1414.55
191543,"2018-01-30 10:00:50",SBIN,6755945,317.3
191550,"2018-01-30 10:00:52",LT,270631,1413.75
191551,"2018-01-30 10:00:52",MARUTI,179896,9620
191553,"2018-01-30 10:00:53",RELIANCE,434686,961.55
191557,"2018-01-30 10:01:00",MARUTI,180249,9620
191559,"2018-01-30 10:01:01",RELIANCE,435989,961.3
191561,"2018-01-30 10:01:01",SBIN,6770792,317.4
191562,"2018-01-30 10:01:01",LT,271431,1414.15
191566,"2018-01-30 10:01:02",TATASTEEL,741478,778
191578,"2018-01-30 10:01:11",LT,271842,1413.7
191580,"2018-01-30 10:01:11",RELIANCE,437431,961.35
191582,"2018-01-30 10:01:12",TATASTEEL,741607,778.1
191583,"2018-01-30 10:01:13",MARUTI,180509,9622.9
191584,"2018-01-30 10:01:13",SBIN,6779740,317.25
191586,"2018-01-30 10:01:18",MARUTI,180752,9625
191589,"2018-01-30 10:01:18",SBIN,6792879,317.25
191590,"2018-01-30 10:01:18",TATASTEEL,747892,777.55
191596,"2018-01-30 10:01:20",LT,273426,1413
191598,"2018-01-30 10:01:21",RELIANCE,438435,961.4
191605,"2018-01-30 10:01:28",TATASTEEL,749161,777.55
191606,"2018-01-30 10:01:28",RELIANCE,460335,961.35
191607,"2018-01-30 10:01:29",SBIN,6797481,317.35
191608,"2018-01-30 10:01:29",LT,274077,1413.25
191615,"2018-01-30 10:01:38",LT,274419,1413.25
191620,"2018-01-30 10:01:40",MARUTI,181388,9622.25
191621,"2018-01-30 10:01:40",RELIANCE,461023,961.5
191629,"2018-01-30 10:01:50",LT,275339,1413.25
191634,"2018-01-30 10:01:53",RELIANCE,461432,961.7
191635,"2018-01-30 10:01:54",TATASTEEL,751316,777.45
191636,"2018-01-30 10:01:54",SBIN,6814396,317.25
191644,"2018-01-30 10:01:58",MARUTI,181824,9612.95
191645,"2018-01-30 10:01:58",RELIANCE,462776,961.5
191646,"2018-01-30 10:01:58",LT,276337,1413
191648,"2018-01-30 10:01:59",TATASTEEL,753352,777.25
191650,"2018-01-30 10:02:00",SBIN,6827511,317.45
191653,"2018-01-30 10:02:03",RELIANCE,485656,961.7
191656,"2018-01-30 10:02:05",SBIN,6842254,317.3
191665,"2018-01-30 10:02:08",LT,276437,1413
191666,"2018-01-30 10:02:09",SBIN,6843764,317.45
191667,"2018-01-30 10:02:09",TATASTEEL,754120,777.3
191670,"2018-01-30 10:02:09",RELIANCE,485864,961.7
191676,"2018-01-30 10:02:13",MARUTI,182208,9611
191681,"2018-01-30 10:02:16",TATASTEEL,754998,777.3
191684,"2018-01-30 10:02:18",RELIANCE,487354,961.65
191685,"2018-01-30 10:02:20",LT,277938,1413.05
191686,"2018-01-30 10:02:20",SBIN,6871864,317.5
191688,"2018-01-30 10:02:22",LT,278173,1413
191689,"2018-01-30 10:02:22",SBIN,6883096,317.55
191694,"2018-01-30 10:02:23",TATASTEEL,755939,777.35
191697,"2018-01-30 10:02:26",RELIANCE,488437,961.5
191699,"2018-01-30 10:02:27",MARUTI,182776,9610.55
191702,"2018-01-30 10:02:31",SBIN,6889750,317.4
191708,"2018-01-30 10:02:33",TATASTEEL,756833,777.35
191713,"2018-01-30 10:02:36",LT,278748,1412.75
191714,"2018-01-30 10:02:37",MARUTI,182829,9611
191715,"2018-01-30 10:02:38",RELIANCE,488962,961.45
191719,"2018-01-30 10:02:41",SBIN,6899925,317.4
191721,"2018-01-30 10:02:41",RELIANCE,490695,962
191723,"2018-01-30 10:02:41",LT,278885,1413
191725,"2018-01-30 10:02:42",TATASTEEL,757772,777.35
191726,"2018-01-30 10:02:42",MARUTI,183282,9609.15
191735,"2018-01-30 10:02:50",MARUTI,183784,9608.15
191738,"2018-01-30 10:02:51",SBIN,6944140,317.1
191742,"2018-01-30 10:02:53",LT,279711,1412.5
191743,"2018-01-30 10:02:55",TATASTEEL,758070,777.45
191746,"2018-01-30 10:03:00",RELIANCE,512472,961.65
191748,"2018-01-30 10:03:00",MARUTI,183941,9606.55
191749,"2018-01-30 10:03:00",LT,280260,1412.55
191752,"2018-01-30 10:03:01",TATASTEEL,758996,777.45
191757,"2018-01-30 10:03:05",SBIN,6968484,317.05
191762,"2018-01-30 10:03:10",SBIN,6980541,316.9
191767,"2018-01-30 10:03:12",TATASTEEL,760006,777.5
191770,"2018-01-30 10:03:15",MARUTI,184032,9607.5
191771,"2018-01-30 10:03:15",LT,281196,1412.5
191774,"2018-01-30 10:03:21",TATASTEEL,762237,777.05
191775,"2018-01-30 10:03:21",RELIANCE,516205,961.55
191778,"2018-01-30 10:03:22",LT,286993,1411.05
191780,"2018-01-30 10:03:22",MARUTI,184661,9603.85
191783,"2018-01-30 10:03:23",SBIN,6994077,316.9
191792,"2018-01-30 10:03:33",LT,287392,1410.95
191793,"2018-01-30 10:03:33",MARUTI,184836,9601
191796,"2018-01-30 10:03:35",SBIN,7033602,316.6
191798,"2018-01-30 10:03:36",TATASTEEL,763560,777
191801,"2018-01-30 10:03:39",RELIANCE,517645,961.3
191803,"2018-01-30 10:03:42",SBIN,7059018,316.65
191805,"2018-01-30 10:03:43",TATASTEEL,768289,776.55
191807,"2018-01-30 10:03:43",MARUTI,186021,9593.5
191809,"2018-01-30 10:03:44",RELIANCE,530754,961.3
191814,"2018-01-30 10:03:46",LT,288003,1411
191818,"2018-01-30 10:03:52",LT,288806,1411.05
191819,"2018-01-30 10:03:53",TATASTEEL,774788,776.5
191822,"2018-01-30 10:03:53",SBIN,7066034,316.6
191824,"2018-01-30 10:03:53",MARUTI,186418,9597.95
191828,"2018-01-30 10:03:54",RELIANCE,532384,961.35
191844,"2018-01-30 10:04:05",TATASTEEL,777915,776.8
191846,"2018-01-30 10:04:05",LT,289203,1411.5
191849,"2018-01-30 10:04:07",MARUTI,186663,9600.05
191853,"2018-01-30 10:04:08",TATASTEEL,778002,776.6
191855,"2018-01-30 10:04:09",RELIANCE,534857,961.4
191856,"2018-01-30 10:04:09",LT,289208,1411.5
191858,"2018-01-30 10:04:10",SBIN,7079620,316.7
191860,"2018-01-30 10:04:11",MARUTI,187032,9602
191862,"2018-01-30 10:04:12",SBIN,7082056,316.7
191863,"2018-01-30 10:04:13",LT,297919,1411.85
191867,"2018-01-30 10:04:13",SBIN,7086969,316.75
191873,"2018-01-30 10:04:15",LT,297929,1411.8
191874,"2018-01-30 10:04:16",TATASTEEL,778563,776.5
191875,"2018-01-30 10:04:18",RELIANCE,534867,961.4
191879,"2018-01-30 10:04:24",MARUTI,187360,9604.05
191882,"2018-01-30 10:04:25",SBIN,7111407,316.45
191888,"2018-01-30 10:04:27",TATASTEEL,781103,776.5
191890,"2018-01-30 10:04:28",LT,298986,1411.35
191892,"2018-01-30 10:04:30",RELIANCE,535316,961.15
191896,"2018-01-30 10:04:36",TATASTEEL,782988,776.45
191901,"2018-01-30 10:04:36",RELIANCE,536662,961.7
191903,"2018-01-30 10:04:37",MARUTI,187385,9607
191906,"2018-01-30 10:04:38",SBIN,7125802,316.4
191909,"2018-01-30 10:04:46",MARUTI,187818,9615
191912,"2018-01-30 10:04:47",LT,299808,1412.55
191913,"2018-01-30 10:04:47",TATASTEEL,786483,776.75
191915,"2018-01-30 10:04:49",SBIN,7157243,316.5
191922,"2018-01-30 10:04:53",RELIANCE,537849,961.3
191923,"2018-01-30 10:04:54",MARUTI,187923,9616
191924,"2018-01-30 10:04:54",SBIN,7171471,316.5
191928,"2018-01-30 10:04:56",RELIANCE,578827,961.8
191934,"2018-01-30 10:04:59",TATASTEEL,787360,776.8
191938,"2018-01-30 10:05:06",RELIANCE,581343,961.35
191940,"2018-01-30 10:05:08",TATASTEEL,788327,776.95
191943,"2018-01-30 10:05:09",LT,301930,1413
191945,"2018-01-30 10:05:10",SBIN,7193749,316.5
191947,"2018-01-30 10:05:11",MARUTI,188082,9616.5
191952,"2018-01-30 10:05:14",LT,304283,1411.85
191954,"2018-01-30 10:05:14",TATASTEEL,791268,776.6
191955,"2018-01-30 10:05:15",RELIANCE,583308,961
191958,"2018-01-30 10:05:16",SBIN,7213468,316.8
191961,"2018-01-30 10:05:18",MARUTI,188199,9614.95
191968,"2018-01-30 10:05:26",MARUTI,188301,9614.05
191975,"2018-01-30 10:05:28",TATASTEEL,791579,776.55
191976,"2018-01-30 10:05:28",RELIANCE,584175,961.1
191977,"2018-01-30 10:05:28",LT,305313,1410.4
191983,"2018-01-30 10:05:35",SBIN,7243167,316.75
191985,"2018-01-30 10:05:38",RELIANCE,586155,960.7
191992,"2018-01-30 10:05:46",TATASTEEL,795726,776.5
191993,"2018-01-30 10:05:47",LT,305672,1410.65
191995,"2018-01-30 10:05:47",RELIANCE,588347,960.65
191997,"2018-01-30 10:05:48",MARUTI,188737,9618.95
192001,"2018-01-30 10:05:53",SBIN,7252865,316.7
192007,"2018-01-30 10:05:56",LT,305866,1410.1
192012,"2018-01-30 10:05:57",RELIANCE,589058,960.7
192013,"2018-01-30 10:05:57",TATASTEEL,797277,776.2
192018,"2018-01-30 10:06:04",LT,310311,1410.1
192024,"2018-01-30 10:06:07",RELIANCE,630410,960.55
192032,"2018-01-30 10:06:10",LT,310485,1410.1
192034,"2018-01-30 10:06:12",MARUTI,189388,9612.35
192035,"2018-01-30 10:06:12",RELIANCE,632104,960.5
192037,"2018-01-30 10:06:13",TATASTEEL,802005,776.2
192041,"2018-01-30 10:06:17",LT,311215,1410.5
192043,"2018-01-30 10:06:19",RELIANCE,632197,960.7
192044,"2018-01-30 10:06:19",SBIN,7273578,316.75
192048,"2018-01-30 10:06:23",MARUTI,189574,9616
192050,"2018-01-30 10:06:23",RELIANCE,634053,960.35
192053,"2018-01-30 10:06:26",SBIN,7281715,316.7
192054,"2018-01-30 10:06:26",LT,312169,1410.1
192060,"2018-01-30 10:06:33",RELIANCE,637029,960.3
192064,"2018-01-30 10:06:35",MARUTI,189703,9617.3
192067,"2018-01-30 10:06:36",SBIN,7287472,316.6
192068,"2018-01-30 10:06:36",LT,312335,1410.05
192070,"2018-01-30 10:06:38",TATASTEEL,807086,776.1
192076,"2018-01-30 10:06:43",MARUTI,189922,9616
192079,"2018-01-30 10:06:44",LT,312662,1410.15
192081,"2018-01-30 10:06:45",SBIN,7296461,316.7
192084,"2018-01-30 10:06:50",RELIANCE,640748,960
192085,"2018-01-30 10:06:50",SBIN,7302966,316.7
192087,"2018-01-30 10:06:52",RELIANCE,641862,960.1
192089,"2018-01-30 10:06:53",LT,317794,1410
192097,"2018-01-30 10:06:58",MARUTI,190103,9616
192100,"2018-01-30 10:07:02",RELIANCE,686683,960.3
192101,"2018-01-30 10:07:02",SBIN,7311762,316.85
192108,"2018-01-30 10:07:07",TATASTEEL,810460,776.45
192109,"2018-01-30 10:07:08",LT,320134,1409
192112,"2018-01-30 10:07:11",LT,320279,1409.75
192117,"2018-01-30 10:07:14",RELIANCE,689088,960.95
192118,"2018-01-30 10:07:14",TATASTEEL,812507,776.5
192119,"2018-01-30 10:07:16",SBIN,7320624,316.6
192120,"2018-01-30 10:07:16",MARUTI,190408,9617
192126,"2018-01-30 10:07:21",TATASTEEL,813280,776.6
192132,"2018-01-30 10:07:25",MARUTI,190507,9617.1
192134,"2018-01-30 10:07:26",SBIN,7338415,316.65
192142,"2018-01-30 10:07:31",RELIANCE,690519,960.45
192144,"2018-01-30 10:07:32",TATASTEEL,815073,776.5
192145,"2018-01-30 10:07:33",MARUTI,190822,9620
192146,"2018-01-30 10:07:34",SBIN,7348883,316.8
192150,"2018-01-30 10:07:42",LT,322676,1409.5
192156,"2018-01-30 10:07:43",SBIN,7363554,316.75
192161,"2018-01-30 10:07:47",RELIANCE,691647,960.35
192165,"2018-01-30 10:07:49",TATASTEEL,816608,776.55
192166,"2018-01-30 10:07:49",MARUTI,191521,9624
192167,"2018-01-30 10:07:49",LT,323333,1410
192170,"2018-01-30 10:07:51",RELIANCE,693612,961.25
192175,"2018-01-30 10:07:55",SBIN,7371535,316.75
192177,"2018-01-30 10:08:00",MARUTI,191686,9619.7
192178,"2018-01-30 10:08:00",SBIN,7406133,316.9
192188,"2018-01-30 10:08:07",SBIN,7413786,317
192189,"2018-01-30 10:08:07",SBIN,7417580,316.9
192194,"2018-01-30 10:08:08",RELIANCE,699318,961.05
192202,"2018-01-30 10:08:11",MARUTI,191819,9622
192203,"2018-01-30 10:08:11",RELIANCE,699418,961.15
192205,"2018-01-30 10:08:12",LT,324685,1409.75
192208,"2018-01-30 10:08:15",SBIN,7426811,317
192209,"2018-01-30 10:08:15",RELIANCE,700653,961.4
192210,"2018-01-30 10:08:16",MARUTI,191855,9622.05
192214,"2018-01-30 10:08:16",TATASTEEL,819807,776.5
192220,"2018-01-30 10:08:21",LT,324735,1409.5
192222,"2018-01-30 10:08:26",MARUTI,191935,9622.05
192223,"2018-01-30 10:08:26",LT,325151,1409.5
192225,"2018-01-30 10:08:27",RELIANCE,702188,961.85
192226,"2018-01-30 10:08:27",SBIN,7455279,316.85
192234,"2018-01-30 10:08:32",TATASTEEL,825274,777
192238,"2018-01-30 10:08:36",SBIN,7564039,317.6
192239,"2018-01-30 10:08:36",MARUTI,192074,9624.05
192241,"2018-01-30 10:08:36",RELIANCE,703444,961.35
192242,"2018-01-30 10:08:36",LT,325948,1409.75
192245,"2018-01-30 10:08:37",TATASTEEL,828542,777.2
192252,"2018-01-30 10:08:46",SBIN,7584527,317.75
192254,"2018-01-30 10:08:46",MARUTI,192362,9624.6
192259,"2018-01-30 10:08:47",LT,326216,1409.4
192263,"2018-01-30 10:08:50",RELIANCE,743829,961.6
192266,"2018-01-30 10:08:57",TATASTEEL,832084,777.8
192268,"2018-01-30 10:08:58",MARUTI,192683,9624.9
192273,"2018-01-30 10:09:00",RELIANCE,746214,961.8
192279,"2018-01-30 10:09:08",TATASTEEL,834510,777.85
192281,"2018-01-30 10:09:09",LT,327807,1409.5
192286,"2018-01-30 10:09:11",RELIANCE,748151,961.95
192287,"2018-01-30 10:09:13",SBIN,7632414,317.75
192288,"2018-01-30 10:09:13",MARUTI,192775,9625
192293,"2018-01-30 10:09:18",SBIN,7642137,317.6
192294,"2018-01-30 10:09:18",MARUTI,193343,9624.9
192301,"2018-01-30 10:09:20",TATASTEEL,835739,777.8
192304,"2018-01-30 10:09:21",RELIANCE,748410,961.85
192306,"2018-01-30 10:09:24",LT,329122,1410.3
192312,"2018-01-30 10:09:29",SBIN,7682402,317.55
192313,"2018-01-30 10:09:30",LT,329425,1409.75
192316,"2018-01-30 10:09:31",TATASTEEL,836981,777.6
192317,"2018-01-30 10:09:32",RELIANCE,791317,961.35
192318,"2018-01-30 10:09:32",MARUTI,193414,9624.05
192323,"2018-01-30 10:09:40",TATASTEEL,837885,777.5
192325,"2018-01-30 10:09:41",SBIN,7694018,317.6
192333,"2018-01-30 10:09:45",MARUTI,193470,9621.1
192334,"2018-01-30 10:09:46",RELIANCE,792729,961.75
192337,"2018-01-30 10:09:51",SBIN,7701174,317.6
192338,"2018-01-30 10:09:51",TATASTEEL,838923,777.2
192343,"2018-01-30 10:09:52",RELIANCE,793027,961.3
192344,"2018-01-30 10:09:52",LT,330713,1409.5
192345,"2018-01-30 10:09:53",MARUTI,193723,9620
192353,"2018-01-30 10:10:03",TATASTEEL,841040,776.9
192356,"2018-01-30 10:10:03",LT,334528,1409
192357,"2018-01-30 10:10:03",SBIN,7716678,317.5
192359,"2018-01-30 10:10:04",LT,334553,1409
192362,"2018-01-30 10:10:05",RELIANCE,796730,961.1
192366,"2018-01-30 10:10:06",MARUTI,194080,9615
192369,"2018-01-30 10:10:09",SBIN,7717911,317.55
192374,"2018-01-30 10:10:10",TATASTEEL,853034,777
192376,"2018-01-30 10:10:11",MARUTI,194160,9615
192379,"2018-01-30 10:10:11",SBIN,7720616,317.5
192380,"2018-01-30 10:10:11",RELIANCE,797863,961
192384,"2018-01-30 10:10:12",LT,334761,1408.55
192387,"2018-01-30 10:10:13",RELIANCE,798326,961
192388,"2018-01-30 10:10:14",LT,334791,1409
192389,"2018-01-30 10:10:14",TATASTEEL,854484,777.15
192391,"2018-01-30 10:10:14",RELIANCE,800129,961.15
192393,"2018-01-30 10:10:14",SBIN,7723116,317.5
192394,"2018-01-30 10:10:15",MARUTI,194194,9615.45
192401,"2018-01-30 10:10:21",MARUTI,194223,9617.9
192408,"2018-01-30 10:10:24",TATASTEEL,857937,777.4
192409,"2018-01-30 10:10:25",SBIN,7737188,317.6
192415,"2018-01-30 10:10:29",LT,335724,1408.75
192418,"2018-01-30 10:10:34",RELIANCE,800561,961.25
192420,"2018-01-30 10:10:34",SBIN,7743323,317.7
192421,"2018-01-30 10:10:34",LT,337531,1409.55
192427,"2018-01-30 10:10:37",MARUTI,194300,9618.85
192429,"2018-01-30 10:10:38",TATASTEEL,858204,777.8
192433,"2018-01-30 10:10:43",TATASTEEL,859490,777.15
192436,"2018-01-30 10:10:43",RELIANCE,802015,961.25
192437,"2018-01-30 10:10:44",MARUTI,194518,9620
192439,"2018-01-30 10:10:44",SBIN,7758254,317.75
192445,"2018-01-30 10:10:47",RELIANCE,802474,961.7
192446,"2018-01-30 10:10:49",LT,337696,1409
192451,"2018-01-30 10:10:53",LT,338293,1409.75
192452,"2018-01-30 10:10:53",MARUTI,194576,9621.1
192454,"2018-01-30 10:10:56",TATASTEEL,860264,777.1
192460,"2018-01-30 10:11:04",TATASTEEL,861374,777.05
192465,"2018-01-30 10:11:07",RELIANCE,810908,962.3
192468,"2018-01-30 10:11:11",SBIN,7770808,317.8
192469,"2018-01-30 10:11:12",MARUTI,195182,9616.65
192477,"2018-01-30 10:11:15",LT,339092,1409.75
192478,"2018-01-30 10:11:16",TATASTEEL,861631,777.1
192482,"2018-01-30 10:11:21",SBIN,7793875,317.9
192483,"2018-01-30 10:11:22",TATASTEEL,862421,777.5
192485,"2018-01-30 10:11:22",LT,339362,1409.8
192489,"2018-01-30 10:11:24",MARUTI,195529,9619
192490,"2018-01-30 10:11:25",RELIANCE,816763,963.15
192497,"2018-01-30 10:11:31",LT,339484,1410
192500,"2018-01-30 10:11:32",MARUTI,195617,9620.05
192501,"2018-01-30 10:11:32",RELIANCE,818846,963.2
192504,"2018-01-30 10:11:33",SBIN,8004239,318.25
192509,"2018-01-30 10:11:37",TATASTEEL,863871,777.55
192515,"2018-01-30 10:11:44",LT,339960,1410
192520,"2018-01-30 10:11:46",TATASTEEL,865747,777.15
192522,"2018-01-30 10:11:48",SBIN,8035982,318.2
192524,"2018-01-30 10:11:49",RELIANCE,819981,962.9
192525,"2018-01-30 10:11:50",MARUTI,195813,9617.95
192527,"2018-01-30 10:11:51",MARUTI,195852,9618.35
192536,"2018-01-30 10:11:54",SBIN,8057766,318.25
192537,"2018-01-30 10:11:54",TATASTEEL,866563,777.15
192539,"2018-01-30 10:11:58",LT,340360,1409.8
192541,"2018-01-30 10:12:02",MARUTI,195925,9621
192542,"2018-01-30 10:12:02",SBIN,8074225,318.2
192545,"2018-01-30 10:12:03",RELIANCE,823816,962.6
192549,"2018-01-30 10:12:04",SBIN,8075732,318.15
192550,"2018-01-30 10:12:04",TATASTEEL,868055,777
192551,"2018-01-30 10:12:05",LT,340825,1410.5
192552,"2018-01-30 10:12:05",RELIANCE,823916,962.6
192554,"2018-01-30 10:12:06",MARUTI,195941,9619.85
192556,"2018-01-30 10:12:07",SBIN,8090369,318.1
192560,"2018-01-30 10:12:07",MARUTI,196162,9619.85
192561,"2018-01-30 10:12:08",RELIANCE,823931,962.6
192562,"2018-01-30 10:12:08",TATASTEEL,869036,776.85
192567,"2018-01-30 10:12:10",LT,340835,1410.85
192579,"2018-01-30 10:12:18",SBIN,8103743,318.2
192581,"2018-01-30 10:12:22",MARUTI,196525,9614.75
192588,"2018-01-30 10:12:27",SBIN,8110424,318.15
192591,"2018-01-30 10:12:29",MARUTI,197179,9614.15
192592,"2018-01-30 10:12:30",RELIANCE,824342,962.3
192596,"2018-01-30 10:12:33",TATASTEEL,870780,777
192597,"2018-01-30 10:12:33",LT,341113,1410.3
192602,"2018-01-30 10:12:35",TATASTEEL,871673,776.9
192603,"2018-01-30 10:12:35",MARUTI,197341,9613.5
192604,"2018-01-30 10:12:36",LT,341120,1410.3
192606,"2018-01-30 10:12:36",RELIANCE,824736,962.1
192612,"2018-01-30 10:12:46",TATASTEEL,874106,776.5
192613,"2018-01-30 10:12:46",SBIN,8169380,317.7
192618,"2018-01-30 10:12:47",RELIANCE,825313,961.75
192621,"2018-01-30 10:12:47",MARUTI,197469,9610
192625,"2018-01-30 10:12:55",LT,341798,1410.3
192634,"2018-01-30 10:13:00",TATASTEEL,874413,776.5
192635,"2018-01-30 10:13:00",RELIANCE,826422,961.8
192636,"2018-01-30 10:13:01",LT,341959,1410.85
192637,"2018-01-30 10:13:01",MARUTI,197883,9610.05
192640,"2018-01-30 10:13:02",SBIN,8194903,317.7
192642,"2018-01-30 10:13:06",SBIN,8205482,317.7
192645,"2018-01-30 10:13:07",RELIANCE,826987,961.5
192648,"2018-01-30 10:13:07",TATASTEEL,876420,776.35
192653,"2018-01-30 10:13:10",MARUTI,198253,9603.5
192654,"2018-01-30 10:13:14",LT,342284,1410.85
192656,"2018-01-30 10:13:16",RELIANCE,828333,961.45
192657,"2018-01-30 10:13:17",TATASTEEL,877773,776.25
192660,"2018-01-30 10:13:17",SBIN,8211767,317.75
192666,"2018-01-30 10:13:18",MARUTI,198352,9603.7
192670,"2018-01-30 10:13:22",LT,343070,1412.1
192675,"2018-01-30 10:13:27",MARUTI,198534,9606.75
192677,"2018-01-30 10:13:27",RELIANCE,828646,961.3
192679,"2018-01-30 10:13:28",LT,343179,1411.6
192683,"2018-01-30 10:13:29",SBIN,8236173,317.75
192686,"2018-01-30 10:13:30",TATASTEEL,884471,776.1
192690,"2018-01-30 10:13:37",TATASTEEL,904290,775.65
192695,"2018-01-30 10:13:38",RELIANCE,830362,961.8
192696,"2018-01-30 10:13:38",SBIN,8241740,317.55
192697,"2018-01-30 10:13:38",MARUTI,200220,9597
192701,"2018-01-30 10:13:44",LT,343394,1411
192703,"2018-01-30 10:13:46",SBIN,8247467,317.6
192704,"2018-01-30 10:13:46",LT,343530,1411.75
192706,"2018-01-30 10:13:47",RELIANCE,830567,961.5
192708,"2018-01-30 10:13:47",MARUTI,200480,9599.95
192709,"2018-01-30 10:13:48",TATASTEEL,908913,775.75
192722,"2018-01-30 10:13:57",LT,345351,1410.8
192723,"2018-01-30 10:13:57",TATASTEEL,909384,775.8
192724,"2018-01-30 10:13:57",SBIN,8254429,317.5
192725,"2018-01-30 10:13:58",RELIANCE,830826,961.2
192731,"2018-01-30 10:14:06",TATASTEEL,910170,775.9
192734,"2018-01-30 10:14:07",LT,345393,1411
192740,"2018-01-30 10:14:10",RELIANCE,831730,961.2
192741,"2018-01-30 10:14:10",TATASTEEL,911444,775.9
192742,"2018-01-30 10:14:10",LT,345658,1411
192744,"2018-01-30 10:14:11",SBIN,8269165,317.65
192748,"2018-01-30 10:14:13",SBIN,8283311,317.75
192756,"2018-01-30 10:14:15",MARUTI,201553,9599.9
192757,"2018-01-30 10:14:16",TATASTEEL,932663,776.55
192759,"2018-01-30 10:14:16",RELIANCE,832035,961.4
192760,"2018-01-30 10:14:17",SBIN,8287372,317.8
192765,"2018-01-30 10:14:18",MARUTI,201565,9598.2
192766,"2018-01-30 10:14:18",LT,346474,1410.85
192771,"2018-01-30 10:14:24",SBIN,8294648,317.9
192772,"2018-01-30 10:14:25",TATASTEEL,936577,776.95
192776,"2018-01-30 10:14:26",MARUTI,202811,9594.75
192779,"2018-01-30 10:14:28",LT,346765,1412
192780,"2018-01-30 10:14:29",RELIANCE,832208,961.8
192786,"2018-01-30 10:14:32",TATASTEEL,938317,777.3
192787,"2018-01-30 10:14:33",LT,348035,1412
192788,"2018-01-30 10:14:34",RELIANCE,833057,961.5
192790,"2018-01-30 10:14:35",MARUTI,203023,9595.95
192793,"2018-01-30 10:14:36",SBIN,8304717,317.9
192795,"2018-01-30 10:14:41",MARUTI,203112,9595
192796,"2018-01-30 10:14:41",RELIANCE,833494,961.8
192803,"2018-01-30 10:14:43",LT,348234,1411.8
192805,"2018-01-30 10:14:46",SBIN,8306395,317.7
192808,"2018-01-30 10:14:50",MARUTI,203777,9593.65
192812,"2018-01-30 10:14:52",SBIN,8312401,317.8
192815,"2018-01-30 10:14:56",LT,348409,1412
192817,"2018-01-30 10:14:57",TATASTEEL,941100,777.3
192819,"2018-01-30 10:14:59",RELIANCE,834489,961.5
192822,"2018-01-30 10:15:01",LT,349811,1411.5
192825,"2018-01-30 10:15:02",RELIANCE,835384,961.45
192828,"2018-01-30 10:15:03",TATASTEEL,942378,777.3
192829,"2018-01-30 10:15:03",MARUTI,205464,9594.95
192830,"2018-01-30 10:15:03",SBIN,8319742,317.9
192836,"2018-01-30 10:15:08",MARUTI,205888,9594.35
192837,"2018-01-30 10:15:09",TATASTEEL,944088,777.05
192838,"2018-01-30 10:15:09",RELIANCE,843481,962.3
192841,"2018-01-30 10:15:09",SBIN,8323202,317.9
192843,"2018-01-30 10:15:10",LT,349892,1411
192854,"2018-01-30 10:15:18",SBIN,8335593,317.7
192856,"2018-01-30 10:15:19",RELIANCE,843521,962.45
192860,"2018-01-30 10:15:21",TATASTEEL,946746,777
192861,"2018-01-30 10:15:21",LT,351278,1411
192864,"2018-01-30 10:15:27",RELIANCE,844310,961.5
192865,"2018-01-30 10:15:27",SBIN,8351861,317.7
192868,"2018-01-30 10:15:28",TATASTEEL,949536,777.05
192877,"2018-01-30 10:15:32",LT,351440,1410.55
192878,"2018-01-30 10:15:34",MARUTI,206155,9601
192882,"2018-01-30 10:15:37",TATASTEEL,954905,776.7
192884,"2018-01-30 10:15:38",LT,351875,1410.5
192888,"2018-01-30 10:15:40",SBIN,8355677,317.65
192890,"2018-01-30 10:15:41",MARUTI,206226,9597
192891,"2018-01-30 10:15:43",RELIANCE,853251,961.45
192894,"2018-01-30 10:15:45",LT,352645,1410.5
192896,"2018-01-30 10:15:46",RELIANCE,855623,961.5
192898,"2018-01-30 10:15:47",MARUTI,206515,9598
192899,"2018-01-30 10:15:48",TATASTEEL,956752,776.45
192905,"2018-01-30 10:15:52",SBIN,8356279,317.65
192908,"2018-01-30 10:15:54",MARUTI,206837,9603.6
192909,"2018-01-30 10:15:54",SBIN,8370155,317.9
192914,"2018-01-30 10:15:57",LT,352955,1410.5
192917,"2018-01-30 10:15:58",TATASTEEL,958051,776.35
192918,"2018-01-30 10:15:58",RELIANCE,855809,961.5
192924,"2018-01-30 10:16:07",SBIN,8374170,317.75
192928,"2018-01-30 10:16:09",LT,354302,1410
192929,"2018-01-30 10:16:09",TATASTEEL,958420,776.85
192937,"2018-01-30 10:16:17",TATASTEEL,959863,776.75
192940,"2018-01-30 10:16:19",LT,354348,1410
192941,"2018-01-30 10:16:20",MARUTI,207212,9605
192942,"2018-01-30 10:16:21",SBIN,8378186,317.75
192947,"2018-01-30 10:16:23",LT,354668,1410
192952,"2018-01-30 10:16:24",MARUTI,207408,9605
192954,"2018-01-30 10:16:26",SBIN,8381632,317.85
192955,"2018-01-30 10:16:26",TATASTEEL,960069,776.65
192956,"2018-01-30 10:16:26",RELIANCE,857796,961.3
192962,"2018-01-30 10:16:36",RELIANCE,859008,961.4
192963,"2018-01-30 10:16:36",TATASTEEL,960855,776.5
192964,"2018-01-30 10:16:36",LT,354852,1409.7
192969,"2018-01-30 10:16:38",SBIN,8386243,317.9
192971,"2018-01-30 10:16:39",MARUTI,207690,9605
192976,"2018-01-30 10:16:42",SBIN,8395328,317.8
192979,"2018-01-30 10:16:44",RELIANCE,862830,961.3
192982,"2018-01-30 10:16:47",MARUTI,207755,9600.05
192987,"2018-01-30 10:16:49",LT,355079,1409.2
192988,"2018-01-30 10:16:50",TATASTEEL,962662,776.25
192994,"2018-01-30 10:16:52",TATASTEEL,964238,776.5
192995,"2018-01-30 10:16:52",LT,374747,1411.55
192996,"2018-01-30 10:16:52",MARUTI,207884,9601.85
193000,"2018-01-30 10:16:54",RELIANCE,865195,961.75
193003,"2018-01-30 10:16:57",SBIN,8401952,317.8
193007,"2018-01-30 10:17:00",MARUTI,207934,9602
193008,"2018-01-30 10:17:01",LT,384660,1412.45
193011,"2018-01-30 10:17:01",RELIANCE,869311,961.6
193012,"2018-01-30 10:17:01",TATASTEEL,965137,776.5
193019,"2018-01-30 10:17:09",RELIANCE,869782,961.4
193022,"2018-01-30 10:17:10",SBIN,8421735,317.65
193029,"2018-01-30 10:17:15",MARUTI,208065,9601.8
193030,"2018-01-30 10:17:16",TATASTEEL,965933,776.2
193032,"2018-01-30 10:17:17",LT,387216,1412
193037,"2018-01-30 10:17:20",MARUTI,208156,9602
193040,"2018-01-30 10:17:21",TATASTEEL,970344,776
193041,"2018-01-30 10:17:21",LT,388094,1412
193044,"2018-01-30 10:17:23",RELIANCE,870969,961.75
193047,"2018-01-30 10:17:27",SBIN,8433079,317.6
193050,"2018-01-30 10:17:30",TATASTEEL,977019,775.85
193051,"2018-01-30 10:17:30",MARUTI,208324,9602
193057,"2018-01-30 10:17:32",RELIANCE,872637,961.15
193058,"2018-01-30 10:17:34",SBIN,8455624,317.35
193061,"2018-01-30 10:17:35",LT,388795,1411.8
193065,"2018-01-30 10:17:39",MARUTI,208437,9602
193066,"2018-01-30 10:17:40",SBIN,8494892,317.6
193071,"2018-01-30 10:17:42",LT,388818,1411.75
193073,"2018-01-30 10:17:44",RELIANCE,873155,961.2
193075,"2018-01-30 10:17:46",TATASTEEL,981324,775.7
193076,"2018-01-30 10:17:47",SBIN,8501316,317.5
193078,"2018-01-30 10:17:47",TATASTEEL,986214,775.2
193080,"2018-01-30 10:17:48",MARUTI,208522,9601.05
193084,"2018-01-30 10:17:49",LT,389060,1412
193087,"2018-01-30 10:17:49",RELIANCE,873329,961.4
193091,"2018-01-30 10:17:56",SBIN,8506259,317.55
193092,"2018-01-30 10:17:57",MARUTI,208626,9601.05
193094,"2018-01-30 10:17:57",TATASTEEL,987712,775.2
193096,"2018-01-30 10:17:58",RELIANCE,875643,961.15
193100,"2018-01-30 10:17:59",LT,389215,1412
193105,"2018-01-30 10:18:04",RELIANCE,878242,960.95
193106,"2018-01-30 10:18:04",TATASTEEL,988306,775.4
193109,"2018-01-30 10:18:04",LT,389241,1411.9
193112,"2018-01-30 10:18:05",SBIN,8512360,317.5
193115,"2018-01-30 10:18:06",MARUTI,208734,9601.05
193118,"2018-01-30 10:18:07",RELIANCE,878695,960.7
193122,"2018-01-30 10:18:08",SBIN,8516013,317.5
193125,"2018-01-30 10:18:08",TATASTEEL,988873,775.35
193127,"2018-01-30 10:18:09",MARUTI,208763,9602
193134,"2018-01-30 10:18:13",RELIANCE,878696,960.6
193135,"2018-01-30 10:18:14",MARUTI,208764,9603
193140,"2018-01-30 10:18:16",TATASTEEL,989502,775.35
193143,"2018-01-30 10:18:16",RELIANCE,879431,960.4
193144,"2018-01-30 10:18:17",LT,389607,1411.8
193145,"2018-01-30 10:18:17",SBIN,8521712,317.55
193151,"2018-01-30 10:18:25",MARUTI,209004,9602
193157,"2018-01-30 10:18:27",TATASTEEL,992542,775.5
193159,"2018-01-30 10:18:27",LT,390781,1411.8
193161,"2018-01-30 10:18:28",RELIANCE,881655,960.75
193163,"2018-01-30 10:18:30",SBIN,8524510,317.5
193170,"2018-01-30 10:18:36",TATASTEEL,994405,776.2
193171,"2018-01-30 10:18:36",RELIANCE,884317,961.2
193173,"2018-01-30 10:18:36",SBIN,8531683,317.6
193175,"2018-01-30 10:18:38",LT,390845,1412.4
193179,"2018-01-30 10:18:43",MARUTI,209387,9603
193183,"2018-01-30 10:18:46",MARUTI,209557,9608
193184,"2018-01-30 10:18:47",SBIN,8539071,317.65
193187,"2018-01-30 10:18:47",RELIANCE,888100,961.4
193189,"2018-01-30 10:18:48",TATASTEEL,995253,776.15
193193,"2018-01-30 10:18:53",LT,391335,1412
193195,"2018-01-30 10:18:56",MARUTI,209629,9608
193196,"2018-01-30 10:18:56",LT,391656,1412.5
193198,"2018-01-30 10:18:56",LT,391335,1412
193200,"2018-01-30 10:18:57",SBIN,8543128,317.65
193201,"2018-01-30 10:18:57",RELIANCE,890197,961.4
193203,"2018-01-30 10:18:57",LT,391656,1412.5
193204,"2018-01-30 10:18:57",TATASTEEL,997230,776.35
193211,"2018-01-30 10:19:06",MARUTI,209815,9608.95
193212,"2018-01-30 10:19:06",TATASTEEL,998354,776.3
193214,"2018-01-30 10:19:07",SBIN,8552013,317.4
193215,"2018-01-30 10:19:07",LT,392054,1412.3
193227,"2018-01-30 10:19:18",LT,392587,1412.5
193228,"2018-01-30 10:19:18",MARUTI,209980,9610.5
193231,"2018-01-30 10:19:19",RELIANCE,893190,960.75
193234,"2018-01-30 10:19:21",SBIN,8555142,317.5
193238,"2018-01-30 10:19:23",TATASTEEL,1000199,776.2
193244,"2018-01-30 10:19:28",MARUTI,210253,9612.2
193247,"2018-01-30 10:19:29",RELIANCE,894269,961.45
193249,"2018-01-30 10:19:30",TATASTEEL,1000310,776.1
193250,"2018-01-30 10:19:30",SBIN,8560253,317.6
193252,"2018-01-30 10:19:30",LT,392725,1412.5
193254,"2018-01-30 10:19:37",RELIANCE,895459,961.05
193257,"2018-01-30 10:19:38",SBIN,8563059,317.5
193261,"2018-01-30 10:19:39",LT,393055,1412.9
193265,"2018-01-30 10:19:41",MARUTI,210385,9613.5
193266,"2018-01-30 10:19:43",TATASTEEL,1002512,776.3
193268,"2018-01-30 10:19:48",RELIANCE,895845,961.05
193272,"2018-01-30 10:19:49",MARUTI,210448,9613.5
193274,"2018-01-30 10:19:51",LT,393297,1412.95
193278,"2018-01-30 10:19:53",TATASTEEL,1003023,776.8
193280,"2018-01-30 10:19:54",SBIN,8566549,317.6
193282,"2018-01-30 10:19:56",SBIN,8576220,317.6
193284,"2018-01-30 10:19:57",RELIANCE,896326,961.4
193286,"2018-01-30 10:19:58",LT,394353,1413.25
193292,"2018-01-30 10:20:00",TATASTEEL,1004963,777.05
193293,"2018-01-30 10:20:00",MARUTI,210586,9614
193309,"2018-01-30 10:20:07",SBIN,8584193,317.55
193311,"2018-01-30 10:20:08",MARUTI,211003,9613
193314,"2018-01-30 10:20:09",TATASTEEL,1005927,776.8
193317,"2018-01-30 10:20:10",RELIANCE,897486,961.05
193319,"2018-01-30 10:20:11",LT,394503,1413.35
193321,"2018-01-30 10:20:14",TATASTEEL,1006768,776.7
193323,"2018-01-30 10:20:15",SBIN,8591441,317.5
193327,"2018-01-30 10:20:16",MARUTI,211254,9610
193331,"2018-01-30 10:20:16",SBIN,8592841,317.5
193332,"2018-01-30 10:20:17",RELIANCE,897863,961.1
193334,"2018-01-30 10:20:17",TATASTEEL,1007010,777
193336,"2018-01-30 10:20:18",LT,399417,1412.9
193345,"2018-01-30 10:20:24",LT,401685,1413.5
193347,"2018-01-30 10:20:25",RELIANCE,898457,961.25
193351,"2018-01-30 10:20:26",TATASTEEL,1007349,776.7
193354,"2018-01-30 10:20:27",MARUTI,211291,9611
193355,"2018-01-30 10:20:27",SBIN,8594838,317.55
193358,"2018-01-30 10:20:36",LT,402641,1413.25
193361,"2018-01-30 10:20:37",RELIANCE,899373,961.25
193363,"2018-01-30 10:20:41",SBIN,8603992,317.6
193367,"2018-01-30 10:20:42",TATASTEEL,1008001,776.65
193373,"2018-01-30 10:20:43",LT,403432,1413.65
193374,"2018-01-30 10:20:44",MARUTI,211633,9614
193377,"2018-01-30 10:20:45",TATASTEEL,1008851,776.6
193378,"2018-01-30 10:20:45",SBIN,8607523,317.55
193381,"2018-01-30 10:20:46",RELIANCE,899576,961.25
193386,"2018-01-30 10:20:55",MARUTI,211935,9614
193394,"2018-01-30 10:21:02",RELIANCE,900338,961.6
193395,"2018-01-30 10:21:02",LT,404011,1413.5
193397,"2018-01-30 10:21:04",LT,404223,1413.5
193398,"2018-01-30 10:21:04",SBIN,8636931,317.65
193402,"2018-01-30 10:21:06",MARUTI,212172,9615
193405,"2018-01-30 10:21:06",TATASTEEL,1010492,776.25
193408,"2018-01-30 10:21:08",RELIANCE,900959,961.35
193411,"2018-01-30 10:21:12",RELIANCE,901942,961.35
193417,"2018-01-30 10:21:13",MARUTI,212270,9614
193418,"2018-01-30 10:21:13",TATASTEEL,1011707,776.25
193419,"2018-01-30 10:21:14",SBIN,8653758,317.7
193425,"2018-01-30 10:21:22",LT,404651,1414
193431,"2018-01-30 10:21:25",SBIN,8660499,317.7
193432,"2018-01-30 10:21:25",LT,404846,1413.5
193434,"2018-01-30 10:21:26",RELIANCE,902503,961.65
193437,"2018-01-30 10:21:32",SBIN,8663170,317.85
193445,"2018-01-30 10:21:35",TATASTEEL,1013046,776.5
193447,"2018-01-30 10:21:37",LT,405722,1414
193449,"2018-01-30 10:21:41",MARUTI,212444,9614.15
193450,"2018-01-30 10:21:42",RELIANCE,903644,961.35
193457,"2018-01-30 10:21:44",LT,405920,1414.15
193458,"2018-01-30 10:21:44",TATASTEEL,1013851,776.45
193459,"2018-01-30 10:21:45",MARUTI,212635,9616.45
193462,"2018-01-30 10:21:49",SBIN,8666347,317.7
193466,"2018-01-30 10:21:52",RELIANCE,904939,961.1
193468,"2018-01-30 10:21:52",SBIN,8683558,317.7
193469,"2018-01-30 10:21:52",TATASTEEL,1014670,776.2
193470,"2018-01-30 10:21:53",MARUTI,212747,9615
193476,"2018-01-30 10:22:00",LT,406005,1413.55
193479,"2018-01-30 10:22:01",RELIANCE,905938,961.1
193480,"2018-01-30 10:22:01",MARUTI,212909,9615.1
193484,"2018-01-30 10:22:02",TATASTEEL,1016405,776.3
193486,"2018-01-30 10:22:02",TATASTEEL,1016511,776.15
193487,"2018-01-30 10:22:03",LT,406747,1413.95
193488,"2018-01-30 10:22:03",MARUTI,212918,9615.1
193492,"2018-01-30 10:22:05",TATASTEEL,1016569,776.2
193493,"2018-01-30 10:22:05",MARUTI,212919,9615.1
193495,"2018-01-30 10:22:06",LT,406921,1413
193508,"2018-01-30 10:22:11",SBIN,8693028,317.9
193510,"2018-01-30 10:22:11",LT,408259,1413.6
193511,"2018-01-30 10:22:12",TATASTEEL,1017592,776.25
193514,"2018-01-30 10:22:12",TATASTEEL,1017584,776.3
193518,"2018-01-30 10:22:14",TATASTEEL,1017592,776.25
193519,"2018-01-30 10:22:14",RELIANCE,906022,961.65
193520,"2018-01-30 10:22:15",LT,408284,1413.7
193521,"2018-01-30 10:22:15",MARUTI,212981,9615.45
193529,"2018-01-30 10:22:24",MARUTI,213022,9615.45
193536,"2018-01-30 10:22:28",RELIANCE,906245,961.25
193537,"2018-01-30 10:22:29",SBIN,8779141,318.25
193539,"2018-01-30 10:22:30",TATASTEEL,1019110,776.45
193543,"2018-01-30 10:22:35",TATASTEEL,1019937,776.3
193545,"2018-01-30 10:22:35",LT,408899,1413.5
193549,"2018-01-30 10:22:38",MARUTI,213035,9616.3
193550,"2018-01-30 10:22:41",SBIN,8791933,318.1
193553,"2018-01-30 10:22:42",RELIANCE,948297,961.35
193554,"2018-01-30 10:22:42",LT,408971,1413.3
