id,curr_time,symbol,volume,price
153622,"2018-01-29 09:14:51",HDFCBANK,2180917,1974.95
153623,"2018-01-29 09:14:51",AXISBANK,6749846,616.1
153624,"2018-01-29 09:14:51",HDIL,12306840,59.35
153625,"2018-01-29 09:14:51",IDFCBANK,12008960,58.2
153626,"2018-01-29 09:14:51",INFY,6774457,1175.4
153627,"2018-01-29 09:14:51",ICICIBANK,30183655,360.8
153628,"2018-01-29 09:14:51",HDFC,4622281,1908.3
153629,"2018-01-29 09:14:53",ITC,13124518,281.25
153630,"2018-01-29 09:14:53",KOTAKBANK,4061319,1092.35
153631,"2018-01-29 09:14:53",LT,6113475,1416.5
153632,"2018-01-29 09:14:53",JINDALSTEL,19512587,280.2
153635,"2018-01-29 09:14:56",SBIN,42466150,313.15
153636,"2018-01-29 09:14:57",TATASTEEL,8397681,769.15
153637,"2018-01-29 09:15:13",LT,17763,1418.6
153638,"2018-01-29 09:15:13",MARUTI,28563,9500
153639,"2018-01-29 09:15:13",JINDALSTEL,88749,280.9
153640,"2018-01-29 09:15:13",RELIANCE,21499,969.6
153641,"2018-01-29 09:15:14",INFY,20513,1167.25
153642,"2018-01-29 09:15:14",HDFC,23219,1910.65
153643,"2018-01-29 09:15:14",AXISBANK,19125,615.35
153644,"2018-01-29 09:15:15",TATASTEEL,13129,771.9
153645,"2018-01-29 09:15:16",SBIN,184558,314.65
153646,"2018-01-29 09:15:18",IDFCBANK,31351,58.7
153647,"2018-01-29 09:15:18",HDIL,42952,60
153648,"2018-01-29 09:15:18",KOTAKBANK,3062,1092.3
153649,"2018-01-29 09:15:18",ITC,38311,281.55
153650,"2018-01-29 09:15:21",SBIN,412329,314.1
153651,"2018-01-29 09:15:21",HDFC,47763,1912
153652,"2018-01-29 09:15:21",INFY,27671,1167.15
153653,"2018-01-29 09:15:21",JINDALSTEL,141288,280.85
153654,"2018-01-29 09:15:22",AXISBANK,43143,615.35
153655,"2018-01-29 09:15:23",ITC,62748,281.45
153656,"2018-01-29 09:15:24",RELIANCE,46111,970.6
153657,"2018-01-29 09:15:24",MARUTI,36894,9501.1
153658,"2018-01-29 09:15:25",TATASTEEL,16035,772.95
153659,"2018-01-29 09:15:26",HDFCBANK,3573,1978.45
153660,"2018-01-29 09:15:26",ICICIBANK,74417,357.55
153661,"2018-01-29 09:15:29",INFY,35275,1166.75
153662,"2018-01-29 09:15:30",SBIN,493799,315.25
153663,"2018-01-29 09:15:30",AXISBANK,60347,615.8
153664,"2018-01-29 09:15:30",HDFC,60139,1914
153665,"2018-01-29 09:15:30",HDFCBANK,4801,1980.6
153666,"2018-01-29 09:15:31",TATASTEEL,17557,773.05
153667,"2018-01-29 09:15:31",ICICIBANK,96344,357.55
153668,"2018-01-29 09:15:32",KOTAKBANK,5920,1092.2
153669,"2018-01-29 09:15:33",ITC,76437,281.25
153670,"2018-01-29 09:15:33",RELIANCE,63254,970.55
153671,"2018-01-29 09:15:34",IDFCBANK,53916,58.7
153672,"2018-01-29 09:15:34",JINDALSTEL,211301,282.3
153673,"2018-01-29 09:15:34",LT,28825,1420.3
153674,"2018-01-29 09:15:37",AXISBANK,86768,616.5
153675,"2018-01-29 09:15:37",ITC,118310,281.55
153676,"2018-01-29 09:15:37",ICICIBANK,106195,357.75
153677,"2018-01-29 09:15:37",HDFCBANK,6695,1980.5
153678,"2018-01-29 09:15:37",JINDALSTEL,267628,282.45
153679,"2018-01-29 09:15:37",ITC,76437,281.25
153680,"2018-01-29 09:15:38",RELIANCE,86776,971.25
153681,"2018-01-29 09:15:39",ITC,118310,281.55
153682,"2018-01-29 09:15:40",SBIN,589419,315.65
153683,"2018-01-29 09:15:41",LT,35116,1421
153684,"2018-01-29 09:15:41",HDFC,76160,1915.55
153685,"2018-01-29 09:15:41",TATASTEEL,19350,774
153686,"2018-01-29 09:15:42",INFY,49338,1165.8
153687,"2018-01-29 09:15:43",HDIL,57943,60
153688,"2018-01-29 09:15:44",HDFC,89529,1916.05
153689,"2018-01-29 09:15:44",MARUTI,65972,9500
153690,"2018-01-29 09:15:44",AXISBANK,101740,617
153691,"2018-01-29 09:15:45",TATASTEEL,21412,774.95
153692,"2018-01-29 09:15:45",INFY,52654,1165.9
153693,"2018-01-29 09:15:45",ITC,126943,281.6
153694,"2018-01-29 09:15:46",RELIANCE,99208,972.6
153695,"2018-01-29 09:15:46",HDIL,88841,60
153696,"2018-01-29 09:15:47",JINDALSTEL,293960,282.3
153697,"2018-01-29 09:15:47",KOTAKBANK,9509,1094.3
153698,"2018-01-29 09:15:47",ICICIBANK,116266,357.55
153699,"2018-01-29 09:15:47",LT,39973,1421.1
153700,"2018-01-29 09:15:48",HDFCBANK,7902,1980.9
153701,"2018-01-29 09:15:49",IDFCBANK,54521,58.75
153702,"2018-01-29 09:15:50",SBIN,659475,316.3
153703,"2018-01-29 09:15:52",SBIN,766583,316.15
153704,"2018-01-29 09:15:52",AXISBANK,117375,617.6
153705,"2018-01-29 09:15:53",HDFC,97846,1916.45
153706,"2018-01-29 09:15:53",RELIANCE,113194,973.8
153707,"2018-01-29 09:15:53",ITC,138333,281.5
153708,"2018-01-29 09:15:54",INFY,64103,1166.4
153709,"2018-01-29 09:15:54",KOTAKBANK,17783,1098.35
153710,"2018-01-29 09:15:54",JINDALSTEL,316019,282.4
153711,"2018-01-29 09:15:56",LT,42268,1421.45
153712,"2018-01-29 09:15:56",HDFCBANK,9567,1981.25
153713,"2018-01-29 09:15:57",MARUTI,71869,9489.1
153714,"2018-01-29 09:15:58",TATASTEEL,25144,775.35
153715,"2018-01-29 09:16:00",TATASTEEL,28185,775.8
153716,"2018-01-29 09:16:00",AXISBANK,142397,618.95
153717,"2018-01-29 09:16:00",HDFCBANK,9940,1982.6
153718,"2018-01-29 09:16:01",INFY,67841,1165.9
153719,"2018-01-29 09:16:01",MARUTI,75959,9484.95
153720,"2018-01-29 09:16:01",JINDALSTEL,327154,282.6
153721,"2018-01-29 09:16:01",ICICIBANK,146078,357.6
153722,"2018-01-29 09:16:02",KOTAKBANK,19461,1095.45
153723,"2018-01-29 09:16:02",RELIANCE,127237,973.5
153724,"2018-01-29 09:16:02",SBIN,857130,316.3
153725,"2018-01-29 09:16:03",JINDALSTEL,373490,282
153726,"2018-01-29 09:16:03",HDFC,105769,1918.95
153727,"2018-01-29 09:16:03",ITC,156062,281.25
153728,"2018-01-29 09:16:03",JINDALSTEL,327154,282.6
153729,"2018-01-29 09:16:03",AXISBANK,151494,619.7
153730,"2018-01-29 09:16:04",RELIANCE,135240,973.9
153731,"2018-01-29 09:16:04",SBIN,873647,316.15
153732,"2018-01-29 09:16:04",MARUTI,77442,9485.85
153733,"2018-01-29 09:16:04",IDFCBANK,72723,58.6
153734,"2018-01-29 09:16:04",LT,45643,1422.3
153735,"2018-01-29 09:16:04",AXISBANK,152892,619.6
153736,"2018-01-29 09:16:05",HDFC,108442,1918.55
153737,"2018-01-29 09:16:05",HDIL,155766,60.05
153738,"2018-01-29 09:16:05",INFY,71843,1166
153739,"2018-01-29 09:16:05",MARUTI,78279,9487
153740,"2018-01-29 09:16:06",RELIANCE,139551,973.95
153741,"2018-01-29 09:16:06",SBIN,877165,316.1
153742,"2018-01-29 09:16:06",HDIL,161861,60.05
153743,"2018-01-29 09:16:08",JINDALSTEL,380367,281.5
153744,"2018-01-29 09:16:08",HDFCBANK,10080,1982.45
153745,"2018-01-29 09:16:08",TATASTEEL,32624,775.7
153746,"2018-01-29 09:16:09",LT,45684,1422.3
153747,"2018-01-29 09:16:10",IDFCBANK,78227,58.7
153748,"2018-01-29 09:16:10",KOTAKBANK,19765,1097
153749,"2018-01-29 09:16:12",SBIN,933415,316
153750,"2018-01-29 09:16:13",INFY,82950,1166.05
153751,"2018-01-29 09:16:13",AXISBANK,181373,619.65
153752,"2018-01-29 09:16:13",KOTAKBANK,20360,1097.65
153753,"2018-01-29 09:16:14",TATASTEEL,36484,776.1
153754,"2018-01-29 09:16:14",HDFCBANK,10447,1981.9
153755,"2018-01-29 09:16:14",MARUTI,80671,9487.15
153756,"2018-01-29 09:16:15",ICICIBANK,161248,357.7
153757,"2018-01-29 09:16:16",ITC,183008,281
153758,"2018-01-29 09:16:16",HDFC,115186,1920.45
153759,"2018-01-29 09:16:17",JINDALSTEL,403364,281.25
153760,"2018-01-29 09:16:18",RELIANCE,148143,972.8
153761,"2018-01-29 09:16:19",LT,51911,1422
153762,"2018-01-29 09:16:21",AXISBANK,209406,620.15
153763,"2018-01-29 09:16:21",ICICIBANK,186832,358.05
153764,"2018-01-29 09:16:21",MARUTI,87183,9482.1
153765,"2018-01-29 09:16:23",RELIANCE,155613,972.1
153766,"2018-01-29 09:16:23",TATASTEEL,40184,775.95
153767,"2018-01-29 09:16:23",INFY,90560,1166
153768,"2018-01-29 09:16:23",HDFC,121542,1920.5
153769,"2018-01-29 09:16:23",ITC,203740,280.3
153770,"2018-01-29 09:16:24",HDFCBANK,12896,1983.55
153771,"2018-01-29 09:16:24",IDFCBANK,86673,58.6
153772,"2018-01-29 09:16:25",HDIL,181288,60.05
153773,"2018-01-29 09:16:25",LT,58716,1421
153774,"2018-01-29 09:16:26",JINDALSTEL,423555,280.9
153775,"2018-01-29 09:16:29",HDFC,125821,1922.7
153776,"2018-01-29 09:16:29",HDFC,121542,1920.5
153777,"2018-01-29 09:16:29",TATASTEEL,44039,775.9
153778,"2018-01-29 09:16:30",AXISBANK,221604,620.1
153779,"2018-01-29 09:16:30",LT,66085,1421.15
153780,"2018-01-29 09:16:30",SBIN,1026036,316.2
153781,"2018-01-29 09:16:31",ICICIBANK,195055,358
153782,"2018-01-29 09:16:31",HDFC,125821,1922.7
153783,"2018-01-29 09:16:32",MARUTI,91285,9482.1
153784,"2018-01-29 09:16:32",INFY,101928,1166.55
153785,"2018-01-29 09:16:32",HDIL,213578,60.1
153786,"2018-01-29 09:16:35",JINDALSTEL,453290,280.9
153787,"2018-01-29 09:16:35",RELIANCE,164636,971
153788,"2018-01-29 09:16:36",KOTAKBANK,23925,1099.8
153789,"2018-01-29 09:16:37",HDFCBANK,14395,1982.1
153790,"2018-01-29 09:16:38",AXISBANK,242399,620.75
153791,"2018-01-29 09:16:38",RELIANCE,169578,970.7
153792,"2018-01-29 09:16:38",IDFCBANK,92424,58.65
153793,"2018-01-29 09:16:38",ITC,216392,280.8
153794,"2018-01-29 09:16:38",SBIN,1065466,316.45
153795,"2018-01-29 09:16:38",HDFCBANK,14857,1982.7
153796,"2018-01-29 09:16:38",MARUTI,94383,9480
153797,"2018-01-29 09:16:39",HDIL,227111,60.2
153798,"2018-01-29 09:16:39",ICICIBANK,207798,357.65
153799,"2018-01-29 09:16:40",INFY,107376,1166.6
153800,"2018-01-29 09:16:40",KOTAKBANK,24667,1099.2
153801,"2018-01-29 09:16:41",HDFC,128098,1923.55
153802,"2018-01-29 09:16:41",LT,69320,1420.6
153803,"2018-01-29 09:16:42",JINDALSTEL,469306,280.2
153804,"2018-01-29 09:16:44",TATASTEEL,46504,775.8
153805,"2018-01-29 09:16:45",LT,72639,1420
153806,"2018-01-29 09:16:46",JINDALSTEL,492402,280
153807,"2018-01-29 09:16:46",AXISBANK,257909,620.75
153808,"2018-01-29 09:16:46",HDFCBANK,15207,1983.2
153809,"2018-01-29 09:16:46",TATASTEEL,52145,775.8
153810,"2018-01-29 09:16:46",RELIANCE,173915,970.35
153811,"2018-01-29 09:16:47",ICICIBANK,213039,357.55
153812,"2018-01-29 09:16:48",KOTAKBANK,25213,1098.45
153813,"2018-01-29 09:16:49",HDFC,134103,1924.2
153814,"2018-01-29 09:16:50",MARUTI,96994,9475
153815,"2018-01-29 09:16:50",INFY,110965,1166.65
153816,"2018-01-29 09:16:51",HDIL,252996,60.2
153817,"2018-01-29 09:16:52",SBIN,1113666,316.4
153818,"2018-01-29 09:16:53",ITC,219457,280.8
153819,"2018-01-29 09:16:53",AXISBANK,276711,620.6
153820,"2018-01-29 09:16:53",RELIANCE,180043,970.45
153821,"2018-01-29 09:16:54",SBIN,1183413,316.65
153822,"2018-01-29 09:16:54",HDFCBANK,15554,1982.6
153823,"2018-01-29 09:16:54",HDFC,137318,1925.25
153824,"2018-01-29 09:16:55",JINDALSTEL,548745,280
153825,"2018-01-29 09:16:55",ITC,225838,280.85
153826,"2018-01-29 09:16:56",ICICIBANK,222380,357.65
153827,"2018-01-29 09:16:56",IDFCBANK,162017,58.65
153828,"2018-01-29 09:16:57",INFY,116732,1166.4
153829,"2018-01-29 09:16:58",TATASTEEL,54303,775.9
153830,"2018-01-29 09:16:59",HDIL,256983,60.2
153831,"2018-01-29 09:16:59",MARUTI,99524,9477
153832,"2018-01-29 09:17:00",KOTAKBANK,27064,1098
153833,"2018-01-29 09:17:02",INFY,117689,1166.45
153834,"2018-01-29 09:17:02",KOTAKBANK,29429,1098
153835,"2018-01-29 09:17:02",HDFC,141274,1926.35
153836,"2018-01-29 09:17:02",MARUTI,101816,9475
153837,"2018-01-29 09:17:02",TATASTEEL,59658,775.5
153838,"2018-01-29 09:17:03",HDIL,269917,60.15
153839,"2018-01-29 09:17:03",AXISBANK,292229,619.95
153840,"2018-01-29 09:17:03",HDFCBANK,16064,1984.35
153841,"2018-01-29 09:17:04",ITC,236715,281.25
153842,"2018-01-29 09:17:05",LT,76104,1420.8
153843,"2018-01-29 09:17:06",JINDALSTEL,574616,280.15
153844,"2018-01-29 09:17:07",RELIANCE,185064,970.7
153845,"2018-01-29 09:17:07",ICICIBANK,234784,357.6
153846,"2018-01-29 09:17:08",SBIN,1244097,316.75
153847,"2018-01-29 09:17:10",RELIANCE,192194,970.95
153848,"2018-01-29 09:17:11",JINDALSTEL,622719,279.9
153849,"2018-01-29 09:17:11",HDFC,144629,1927
153850,"2018-01-29 09:17:11",IDFCBANK,172822,58.6
153851,"2018-01-29 09:17:11",LT,77976,1420.9
153852,"2018-01-29 09:17:12",HDFCBANK,17292,1983
153853,"2018-01-29 09:17:12",AXISBANK,305913,619.7
153854,"2018-01-29 09:17:13",ITC,256186,280.65
153855,"2018-01-29 09:17:14",TATASTEEL,62312,775.4
153856,"2018-01-29 09:17:14",INFY,124022,1167.6
153857,"2018-01-29 09:17:14",HDIL,308253,60.2
153858,"2018-01-29 09:17:15",ICICIBANK,244784,357.3
153859,"2018-01-29 09:17:18",MARUTI,107719,9480
153860,"2018-01-29 09:17:19",KOTAKBANK,30322,1097.9
153861,"2018-01-29 09:17:20",RELIANCE,200257,970.45
153862,"2018-01-29 09:17:20",ICICIBANK,257954,357.05
153863,"2018-01-29 09:17:20",HDIL,316813,60.1
153864,"2018-01-29 09:17:20",MARUTI,112673,9490
153865,"2018-01-29 09:17:20",TATASTEEL,64703,775.45
153866,"2018-01-29 09:17:20",HDFCBANK,17620,1984.2
153867,"2018-01-29 09:17:21",IDFCBANK,176790,58.55
153868,"2018-01-29 09:17:21",AXISBANK,324049,619.85
153869,"2018-01-29 09:17:21",LT,79570,1420.8
153870,"2018-01-29 09:17:22",HDFC,146318,1928.25
153871,"2018-01-29 09:17:23",KOTAKBANK,30665,1097.9
153872,"2018-01-29 09:17:23",JINDALSTEL,636176,279.75
153873,"2018-01-29 09:17:23",SBIN,1396838,316.55
153874,"2018-01-29 09:17:28",INFY,135666,1168.4
153875,"2018-01-29 09:17:28",ITC,260936,280.75
153876,"2018-01-29 09:17:29",SBIN,1423325,316.35
153877,"2018-01-29 09:17:29",AXISBANK,329544,619.85
153878,"2018-01-29 09:17:29",AXISBANK,324049,619.85
153879,"2018-01-29 09:17:30",KOTAKBANK,35338,1098
153880,"2018-01-29 09:17:30",RELIANCE,206060,970.85
153881,"2018-01-29 09:17:30",KOTAKBANK,30665,1097.9
153882,"2018-01-29 09:17:30",INFY,145100,1168.95
153883,"2018-01-29 09:17:30",HDFC,150236,1929.8
153884,"2018-01-29 09:17:31",AXISBANK,329544,619.85
153885,"2018-01-29 09:17:31",MARUTI,118778,9502.95
153886,"2018-01-29 09:17:31",HDFCBANK,17882,1984.25
153887,"2018-01-29 09:17:31",JINDALSTEL,664795,279.65
153888,"2018-01-29 09:17:32",TATASTEEL,71028,775.6
153889,"2018-01-29 09:17:33",ITC,261948,280.9
153890,"2018-01-29 09:17:34",LT,81956,1421
153891,"2018-01-29 09:17:35",ICICIBANK,269577,357.15
153892,"2018-01-29 09:17:36",HDIL,331453,60.1
153893,"2018-01-29 09:17:37",IDFCBANK,180750,58.6
153894,"2018-01-29 09:17:41",KOTAKBANK,35338,1098
153895,"2018-01-29 09:17:42",ICICIBANK,281910,357
153896,"2018-01-29 09:17:42",RELIANCE,211752,970.3
153897,"2018-01-29 09:17:42",INFY,162267,1169.05
153898,"2018-01-29 09:17:43",JINDALSTEL,692312,279.2
153899,"2018-01-29 09:17:43",LT,82874,1420.9
153900,"2018-01-29 09:17:43",HDFCBANK,18168,1983.6
153901,"2018-01-29 09:17:43",HDFC,169762,1933.35
153902,"2018-01-29 09:17:43",MARUTI,124347,9506.2
153903,"2018-01-29 09:17:43",AXISBANK,346843,619.75
153904,"2018-01-29 09:17:44",IDFCBANK,181895,58.6
153905,"2018-01-29 09:17:44",ITC,268291,280.9
153906,"2018-01-29 09:17:45",SBIN,1477455,315.95
153907,"2018-01-29 09:17:47",HDIL,380541,60.15
153908,"2018-01-29 09:17:47",TATASTEEL,77062,776
153909,"2018-01-29 09:17:48",KOTAKBANK,44437,1098
153910,"2018-01-29 09:17:54",AXISBANK,357115,619.25
153911,"2018-01-29 09:17:54",ITC,281643,280.6
153912,"2018-01-29 09:17:55",RELIANCE,220094,971.05
153913,"2018-01-29 09:17:56",JINDALSTEL,709839,278.85
153914,"2018-01-29 09:17:56",TATASTEEL,81171,776.6
153915,"2018-01-29 09:17:56",LT,84586,1420.05
153916,"2018-01-29 09:17:56",ICICIBANK,288035,357
153917,"2018-01-29 09:17:56",MARUTI,128024,9510
153918,"2018-01-29 09:17:58",HDFC,177996,1934
153919,"2018-01-29 09:17:58",SBIN,1501040,315.85
153920,"2018-01-29 09:17:59",HDIL,405345,60.1
153921,"2018-01-29 09:18:00",INFY,172080,1168.65
153922,"2018-01-29 09:18:02",HDFCBANK,19568,1983.8
153923,"2018-01-29 09:18:02",LT,85220,1420.6
153924,"2018-01-29 09:18:03",ITC,284383,280.6
153925,"2018-01-29 09:18:03",KOTAKBANK,48057,1099.55
153926,"2018-01-29 09:18:04",TATASTEEL,83258,777
153927,"2018-01-29 09:18:04",HDFCBANK,19588,1983.6
153928,"2018-01-29 09:18:04",RELIANCE,222452,971
153929,"2018-01-29 09:18:04",HDIL,455498,60.15
153930,"2018-01-29 09:18:05",AXISBANK,360865,618.9
153931,"2018-01-29 09:18:05",JINDALSTEL,735789,278.65
153932,"2018-01-29 09:18:05",AXISBANK,361083,618.9
153933,"2018-01-29 09:18:06",MARUTI,133397,9520
153934,"2018-01-29 09:18:06",INFY,176885,1168.55
153935,"2018-01-29 09:18:06",RELIANCE,223249,971.55
153936,"2018-01-29 09:18:07",KOTAKBANK,49179,1099.45
153937,"2018-01-29 09:18:07",ITC,284993,280.6
153938,"2018-01-29 09:18:07",HDFC,193089,1936.7
153939,"2018-01-29 09:18:08",HDFCBANK,19633,1983.85
153940,"2018-01-29 09:18:08",AXISBANK,369250,618.9
153941,"2018-01-29 09:18:08",MARUTI,135031,9520.5
153942,"2018-01-29 09:18:09",SBIN,1531515,315.8
153943,"2018-01-29 09:18:09",INFY,181662,1168.35
153944,"2018-01-29 09:18:10",RELIANCE,223368,971.15
153945,"2018-01-29 09:18:11",HDFC,196908,1937.05
153946,"2018-01-29 09:18:12",ICICIBANK,294480,356.8
153947,"2018-01-29 09:18:12",HDIL,468280,60.15
153948,"2018-01-29 09:18:12",JINDALSTEL,752486,278.65
153949,"2018-01-29 09:18:12",ITC,290100,280.6
153950,"2018-01-29 09:18:15",ICICIBANK,302630,356.65
153951,"2018-01-29 09:18:15",IDFCBANK,227598,58.55
153952,"2018-01-29 09:18:15",RELIANCE,223947,971.8
153953,"2018-01-29 09:18:15",ITC,291593,280.55
153954,"2018-01-29 09:18:15",MARUTI,136114,9523.55
153955,"2018-01-29 09:18:16",INFY,187069,1168.3
153956,"2018-01-29 09:18:16",HDIL,479472,60.2
153957,"2018-01-29 09:18:16",SBIN,1556462,316
153958,"2018-01-29 09:18:16",JINDALSTEL,771482,279.15
153959,"2018-01-29 09:18:16",HDFC,202555,1936.3
153960,"2018-01-29 09:18:17",AXISBANK,378767,618.75
153961,"2018-01-29 09:18:18",IDFCBANK,236761,58.5
153962,"2018-01-29 09:18:19",KOTAKBANK,49821,1099.3
153963,"2018-01-29 09:18:19",HDFCBANK,20245,1984.9
153964,"2018-01-29 09:18:21",LT,87176,1420.5
153965,"2018-01-29 09:18:22",TATASTEEL,89431,777.3
153966,"2018-01-29 09:18:23",AXISBANK,390863,618.9
153967,"2018-01-29 09:18:23",ITC,299088,280.7
153968,"2018-01-29 09:18:24",SBIN,1582871,315.9
153969,"2018-01-29 09:18:24",TATASTEEL,92221,777.3
153970,"2018-01-29 09:18:25",MARUTI,138258,9520
153971,"2018-01-29 09:18:25",LT,88032,1420.8
153972,"2018-01-29 09:18:25",HDFC,211400,1936.75
153973,"2018-01-29 09:18:25",HDIL,498591,60.2
153974,"2018-01-29 09:18:26",IDFCBANK,237943,58.6
153975,"2018-01-29 09:18:26",KOTAKBANK,51943,1099.8
153976,"2018-01-29 09:18:26",ICICIBANK,314406,356.55
153977,"2018-01-29 09:18:27",JINDALSTEL,792515,279.15
153978,"2018-01-29 09:18:27",HDFCBANK,20726,1985.05
153979,"2018-01-29 09:18:28",INFY,190573,1167.7
153980,"2018-01-29 09:18:29",RELIANCE,229787,972.5
153981,"2018-01-29 09:18:32",AXISBANK,400411,618.7
153982,"2018-01-29 09:18:32",LT,88137,1421.15
153983,"2018-01-29 09:18:32",ITC,303958,281.05
153984,"2018-01-29 09:18:33",HDIL,512261,60.25
153985,"2018-01-29 09:18:33",MARUTI,140256,9524.85
153986,"2018-01-29 09:18:34",ICICIBANK,315878,356.3
153987,"2018-01-29 09:18:34",JINDALSTEL,803338,279.15
153988,"2018-01-29 09:18:34",HDFC,218891,1935.4
153989,"2018-01-29 09:18:35",IDFCBANK,238765,58.5
153990,"2018-01-29 09:18:35",RELIANCE,236885,973.15
153991,"2018-01-29 09:18:36",HDFCBANK,22230,1984.85
153992,"2018-01-29 09:18:36",SBIN,1603718,315.85
153993,"2018-01-29 09:18:37",INFY,192685,1168.05
153994,"2018-01-29 09:18:37",KOTAKBANK,53811,1099.05
153995,"2018-01-29 09:18:37",TATASTEEL,93063,777.4
153996,"2018-01-29 09:18:40",MARUTI,147929,9539
153997,"2018-01-29 09:18:41",ITC,316388,281.1
153998,"2018-01-29 09:18:41",AXISBANK,413128,618.7
153999,"2018-01-29 09:18:41",KOTAKBANK,56984,1099.85
154000,"2018-01-29 09:18:42",SBIN,1631681,315.8
154001,"2018-01-29 09:18:42",HDIL,552399,60.2
154002,"2018-01-29 09:18:42",HDFCBANK,23916,1984.95
154003,"2018-01-29 09:18:42",RELIANCE,241238,973.8
154004,"2018-01-29 09:18:42",JINDALSTEL,826026,279.25
154005,"2018-01-29 09:18:43",ICICIBANK,322269,356.5
154006,"2018-01-29 09:18:44",HDFC,230506,1934.35
154007,"2018-01-29 09:18:44",LT,88713,1421.35
154008,"2018-01-29 09:18:46",IDFCBANK,242283,58.5
154009,"2018-01-29 09:18:46",TATASTEEL,97431,777.85
154010,"2018-01-29 09:18:47",INFY,194641,1168.1
154011,"2018-01-29 09:18:50",HDFC,239363,1933.1
154012,"2018-01-29 09:18:50",ICICIBANK,331078,356.25
154013,"2018-01-29 09:18:51",TATASTEEL,98820,777.75
154014,"2018-01-29 09:18:51",ITC,329147,281.2
154015,"2018-01-29 09:18:51",SBIN,1653052,315.95
154016,"2018-01-29 09:18:51",AXISBANK,417083,618.75
154017,"2018-01-29 09:18:51",JINDALSTEL,833853,279.4
154018,"2018-01-29 09:18:52",KOTAKBANK,62087,1101.25
154019,"2018-01-29 09:18:52",INFY,197126,1168.25
154020,"2018-01-29 09:18:53",HDFCBANK,25647,1984.55
154021,"2018-01-29 09:18:54",RELIANCE,245108,974.35
154022,"2018-01-29 09:18:54",MARUTI,155898,9554.65
154023,"2018-01-29 09:18:55",HDIL,582280,60.25
154024,"2018-01-29 09:18:55",LT,89481,1422.1
154025,"2018-01-29 09:18:59",HDFC,243635,1933.25
154026,"2018-01-29 09:18:59",HDFC,239363,1933.1
154027,"2018-01-29 09:18:59",IDFCBANK,244153,58.5
154028,"2018-01-29 09:18:59",MARUTI,161293,9553.9
154029,"2018-01-29 09:19:00",HDFC,243635,1933.25
154030,"2018-01-29 09:19:00",AXISBANK,424630,618.8
154031,"2018-01-29 09:19:00",ICICIBANK,332992,356.45
154032,"2018-01-29 09:19:01",LT,90645,1422.4
154033,"2018-01-29 09:19:01",HDFCBANK,26284,1985.55
154034,"2018-01-29 09:19:01",SBIN,1689344,315.9
154035,"2018-01-29 09:19:02",IDFCBANK,247642,58.6
154036,"2018-01-29 09:19:03",JINDALSTEL,841363,279.3
154037,"2018-01-29 09:19:04",ITC,336871,281.3
154038,"2018-01-29 09:19:04",HDIL,606890,60.3
154039,"2018-01-29 09:19:05",INFY,199663,1168.5
154040,"2018-01-29 09:19:06",KOTAKBANK,63682,1101.6
154041,"2018-01-29 09:19:07",MARUTI,163465,9550.95
154042,"2018-01-29 09:19:08",TATASTEEL,101919,777.9
154043,"2018-01-29 09:19:08",AXISBANK,435220,618.95
154044,"2018-01-29 09:19:08",ICICIBANK,338708,356.8
154045,"2018-01-29 09:19:08",HDIL,629147,60.3
154046,"2018-01-29 09:19:08",SBIN,1729512,315.6
154047,"2018-01-29 09:19:08",TATASTEEL,107518,778
154048,"2018-01-29 09:19:09",HDFCBANK,26707,1984.8
154049,"2018-01-29 09:19:09",RELIANCE,257303,974.95
154050,"2018-01-29 09:19:09",KOTAKBANK,65131,1102.55
154051,"2018-01-29 09:19:10",HDFC,246448,1933.5
154052,"2018-01-29 09:19:10",LT,91656,1422.35
154053,"2018-01-29 09:19:10",ITC,367362,281.55
154054,"2018-01-29 09:19:11",IDFCBANK,252253,58.65
154055,"2018-01-29 09:19:12",INFY,203209,1168.5
154056,"2018-01-29 09:19:12",JINDALSTEL,877573,278.55
154057,"2018-01-29 09:19:16",SBIN,1760056,315.35
154058,"2018-01-29 09:19:17",TATASTEEL,110263,777.9
154059,"2018-01-29 09:19:17",HDFC,254347,1933.45
154060,"2018-01-29 09:19:17",LT,92459,1422.4
154061,"2018-01-29 09:19:17",AXISBANK,443538,619.2
154062,"2018-01-29 09:19:18",RELIANCE,262512,975.5
154063,"2018-01-29 09:19:18",KOTAKBANK,65987,1102
154064,"2018-01-29 09:19:18",INFY,214260,1168.8
154065,"2018-01-29 09:19:19",HDFCBANK,26767,1984.8
154066,"2018-01-29 09:19:19",ITC,376645,281.7
154067,"2018-01-29 09:19:20",MARUTI,167700,9555
154068,"2018-01-29 09:19:21",IDFCBANK,264622,58.75
154069,"2018-01-29 09:19:21",HDIL,658511,60.35
154070,"2018-01-29 09:19:22",JINDALSTEL,922958,278
154071,"2018-01-29 09:19:25",MARUTI,170653,9557.75
154072,"2018-01-29 09:19:26",RELIANCE,268008,975.45
154073,"2018-01-29 09:19:26",INFY,223913,1169.5
154074,"2018-01-29 09:19:26",AXISBANK,458015,618.95
154075,"2018-01-29 09:19:26",IDFCBANK,265753,58.65
154076,"2018-01-29 09:19:27",KOTAKBANK,66641,1101.4
154077,"2018-01-29 09:19:27",JINDALSTEL,940097,278.3
154078,"2018-01-29 09:19:27",ITC,379227,281.7
154079,"2018-01-29 09:19:28",HDIL,674854,60.3
154080,"2018-01-29 09:19:29",ICICIBANK,348396,356.85
154081,"2018-01-29 09:19:29",HDFC,260181,1934.1
154082,"2018-01-29 09:19:30",LT,93235,1422.65
154083,"2018-01-29 09:19:31",HDFCBANK,27430,1984.4
154084,"2018-01-29 09:19:32",TATASTEEL,111886,777.65
154085,"2018-01-29 09:19:34",SBIN,1791557,315.45
154086,"2018-01-29 09:19:34",MARUTI,173023,9553.9
154087,"2018-01-29 09:19:35",AXISBANK,460240,618.8
154088,"2018-01-29 09:19:35",JINDALSTEL,957197,278.15
154089,"2018-01-29 09:19:35",LT,93930,1422.8
154090,"2018-01-29 09:19:35",HDFC,266065,1936.25
154091,"2018-01-29 09:19:35",INFY,230598,1169.85
154092,"2018-01-29 09:19:37",TATASTEEL,114935,777.85
154093,"2018-01-29 09:19:37",HDIL,695591,60.3
154094,"2018-01-29 09:19:37",RELIANCE,274094,976.2
154095,"2018-01-29 09:19:38",HDFCBANK,27659,1983.75
154096,"2018-01-29 09:19:39",ICICIBANK,358257,356.95
154097,"2018-01-29 09:19:39",ITC,385336,281.65
154098,"2018-01-29 09:19:40",IDFCBANK,267480,58.7
154099,"2018-01-29 09:19:42",KOTAKBANK,66935,1102
154100,"2018-01-29 09:19:42",SBIN,1806164,315.5
154101,"2018-01-29 09:19:44",TATASTEEL,121747,777.8
154102,"2018-01-29 09:19:45",SBIN,1818207,315.5
154103,"2018-01-29 09:19:45",INFY,240416,1168.85
154104,"2018-01-29 09:19:45",MARUTI,176894,9550
154105,"2018-01-29 09:19:45",AXISBANK,465064,618.65
154106,"2018-01-29 09:19:46",HDIL,732637,60.25
154107,"2018-01-29 09:19:47",HDFC,270697,1935.65
154108,"2018-01-29 09:19:47",ITC,394653,281.85
154109,"2018-01-29 09:19:48",HDFCBANK,29168,1984.8
154110,"2018-01-29 09:19:49",LT,95073,1422.75
154111,"2018-01-29 09:19:50",JINDALSTEL,981247,278.35
154112,"2018-01-29 09:19:51",ICICIBANK,373566,356.95
154113,"2018-01-29 09:19:51",RELIANCE,276527,975.75
154114,"2018-01-29 09:19:53",KOTAKBANK,67522,1101.65
154115,"2018-01-29 09:19:53",MARUTI,182876,9550
154116,"2018-01-29 09:19:55",JINDALSTEL,998633,278.95
154117,"2018-01-29 09:19:55",RELIANCE,287443,976
154118,"2018-01-29 09:19:55",ITC,408950,281.9
154119,"2018-01-29 09:19:55",LT,97636,1423.15
154120,"2018-01-29 09:19:56",HDFC,275429,1935.9
154121,"2018-01-29 09:19:56",KOTAKBANK,69149,1101.65
154122,"2018-01-29 09:19:56",AXISBANK,471205,618.45
154123,"2018-01-29 09:19:57",IDFCBANK,322832,58.6
154124,"2018-01-29 09:19:57",SBIN,1827467,315.7
154125,"2018-01-29 09:19:57",HDIL,736773,60.25
154126,"2018-01-29 09:19:58",TATASTEEL,126949,777.55
154127,"2018-01-29 09:19:58",HDFCBANK,29355,1984.3
154128,"2018-01-29 09:19:59",INFY,243851,1168.65
154129,"2018-01-29 09:20:02",AXISBANK,473320,618.45
154130,"2018-01-29 09:20:02",ITC,415202,281.9
154131,"2018-01-29 09:20:03",MARUTI,188027,9550.65
154132,"2018-01-29 09:20:03",INFY,251538,1167.15
154133,"2018-01-29 09:20:04",HDFC,283775,1935.7
154134,"2018-01-29 09:20:04",RELIANCE,295967,976.85
154135,"2018-01-29 09:20:04",ICICIBANK,404606,356.7
154136,"2018-01-29 09:20:05",HDFCBANK,29572,1983
154137,"2018-01-29 09:20:05",KOTAKBANK,69964,1101.7
154138,"2018-01-29 09:20:05",SBIN,1839156,315.5
154139,"2018-01-29 09:20:05",TATASTEEL,131128,777.7
154140,"2018-01-29 09:20:06",LT,99211,1423
154141,"2018-01-29 09:20:06",JINDALSTEL,1013162,279
154142,"2018-01-29 09:20:06",TATASTEEL,131165,777.75
154143,"2018-01-29 09:20:06",ICICIBANK,406911,356.75
154144,"2018-01-29 09:20:06",HDIL,752585,60.25
154145,"2018-01-29 09:20:07",AXISBANK,476112,618.25
154146,"2018-01-29 09:20:07",HDFC,285381,1935.85
154147,"2018-01-29 09:20:07",RELIANCE,298749,976.6
154148,"2018-01-29 09:20:07",HDFCBANK,29632,1983.35
154149,"2018-01-29 09:20:08",ITC,415779,281.9
154150,"2018-01-29 09:20:09",KOTAKBANK,69970,1101.7
154151,"2018-01-29 09:20:10",SBIN,1842011,315.45
154152,"2018-01-29 09:20:10",MARUTI,188995,9548.7
154153,"2018-01-29 09:20:11",INFY,252339,1167
154154,"2018-01-29 09:20:14",LT,100022,1423
154155,"2018-01-29 09:20:15",HDFC,288357,1937.1
154156,"2018-01-29 09:20:15",ITC,423566,281.85
154157,"2018-01-29 09:20:15",KOTAKBANK,70531,1101.45
154158,"2018-01-29 09:20:15",AXISBANK,479308,617.95
154159,"2018-01-29 09:20:16",ICICIBANK,410657,357
154160,"2018-01-29 09:20:17",RELIANCE,302662,976.1
154161,"2018-01-29 09:20:17",INFY,258154,1167.35
154162,"2018-01-29 09:20:18",IDFCBANK,342716,58.6
154163,"2018-01-29 09:20:18",TATASTEEL,131642,777.4
154164,"2018-01-29 09:20:18",HDIL,763448,60.1
154165,"2018-01-29 09:20:18",HDFCBANK,31226,1984.3
154166,"2018-01-29 09:20:18",SBIN,1856281,315.45
154167,"2018-01-29 09:20:20",JINDALSTEL,1022532,279.1
154168,"2018-01-29 09:20:23",INFY,260892,1167
154169,"2018-01-29 09:20:23",LT,104678,1423.15
154170,"2018-01-29 09:20:24",KOTAKBANK,71467,1101.35
154171,"2018-01-29 09:20:24",AXISBANK,482104,617.85
154172,"2018-01-29 09:20:24",ICICIBANK,420720,356.85
154173,"2018-01-29 09:20:24",ITC,430219,281.85
154174,"2018-01-29 09:20:24",HDFC,327249,1935
154175,"2018-01-29 09:20:24",HDFCBANK,31771,1983
154176,"2018-01-29 09:20:25",HDIL,785843,60.05
154177,"2018-01-29 09:20:25",JINDALSTEL,1032038,279.6
154178,"2018-01-29 09:20:25",SBIN,1901071,315.55
154179,"2018-01-29 09:20:26",RELIANCE,310977,975.1
154180,"2018-01-29 09:20:29",MARUTI,192151,9543.1
154181,"2018-01-29 09:20:30",IDFCBANK,347706,58.6
154182,"2018-01-29 09:20:32",AXISBANK,484110,617.6
154183,"2018-01-29 09:20:32",AXISBANK,482104,617.85
154184,"2018-01-29 09:20:33",ICICIBANK,436942,356.7
154185,"2018-01-29 09:20:33",RELIANCE,322911,975.25
154186,"2018-01-29 09:20:33",INFY,265452,1167.25
154187,"2018-01-29 09:20:33",JINDALSTEL,1043853,279.45
154188,"2018-01-29 09:20:34",AXISBANK,484110,617.6
154189,"2018-01-29 09:20:35",HDFC,339203,1935
154190,"2018-01-29 09:20:35",HDIL,786563,60.05
154191,"2018-01-29 09:20:35",IDFCBANK,358620,58.55
154192,"2018-01-29 09:20:36",KOTAKBANK,73626,1100.4
154193,"2018-01-29 09:20:36",ITC,430794,281.8
154194,"2018-01-29 09:20:37",SBIN,1924895,315.5
154195,"2018-01-29 09:20:37",MARUTI,193890,9536.95
154196,"2018-01-29 09:20:37",TATASTEEL,140537,777.45
154197,"2018-01-29 09:20:38",LT,106567,1423.2
154198,"2018-01-29 09:20:39",HDFCBANK,32301,1984.5
154199,"2018-01-29 09:20:42",JINDALSTEL,1054495,279.35
154200,"2018-01-29 09:20:42",LT,109639,1423.2
154201,"2018-01-29 09:20:42",AXISBANK,486962,617.55
154202,"2018-01-29 09:20:43",MARUTI,195827,9532
154203,"2018-01-29 09:20:43",ITC,454007,281.75
154204,"2018-01-29 09:20:44",TATASTEEL,142173,777.5
154205,"2018-01-29 09:20:44",HDIL,796533,59.95
154206,"2018-01-29 09:20:44",HDFCBANK,32364,1984.35
154207,"2018-01-29 09:20:44",RELIANCE,339755,974.65
154208,"2018-01-29 09:20:45",KOTAKBANK,74028,1100.9
154209,"2018-01-29 09:20:45",ICICIBANK,445337,356.5
154210,"2018-01-29 09:20:46",IDFCBANK,362695,58.55
154211,"2018-01-29 09:20:48",INFY,269324,1167.5
154212,"2018-01-29 09:20:50",SBIN,1928423,315.5
154213,"2018-01-29 09:20:51",AXISBANK,489620,618.2
154214,"2018-01-29 09:20:51",MARUTI,197941,9530
154215,"2018-01-29 09:20:51",ITC,457036,281.65
154216,"2018-01-29 09:20:51",JINDALSTEL,1060623,279.4
154217,"2018-01-29 09:20:51",TATASTEEL,144335,777.35
154218,"2018-01-29 09:20:53",HDIL,810109,59.95
154219,"2018-01-29 09:20:53",INFY,271130,1167.4
154220,"2018-01-29 09:20:53",HDFCBANK,32514,1984.65
154221,"2018-01-29 09:20:54",SBIN,1959725,314.9
154222,"2018-01-29 09:20:54",LT,112182,1422.85
154223,"2018-01-29 09:20:57",RELIANCE,345670,974.65
154224,"2018-01-29 09:20:57",HDFC,373474,1932
154225,"2018-01-29 09:20:57",KOTAKBANK,74335,1100.8
154226,"2018-01-29 09:20:58",ICICIBANK,450962,356.5
154227,"2018-01-29 09:20:58",IDFCBANK,368096,58.55
154228,"2018-01-29 09:20:59",HDFC,386467,1929.95
154229,"2018-01-29 09:20:59",RELIANCE,349132,974.3
154230,"2018-01-29 09:20:59",TATASTEEL,145969,776.95
154231,"2018-01-29 09:20:59",MARUTI,199426,9525
154232,"2018-01-29 09:20:59",AXISBANK,491648,618.2
154233,"2018-01-29 09:21:00",ICICIBANK,452998,356.35
154234,"2018-01-29 09:21:00",KOTAKBANK,75291,1101
154235,"2018-01-29 09:21:00",JINDALSTEL,1078918,278.85
154236,"2018-01-29 09:21:01",ITC,461472,281.7
154237,"2018-01-29 09:21:02",SBIN,2027920,314.85
154238,"2018-01-29 09:21:05",INFY,274779,1167.2
154239,"2018-01-29 09:21:05",LT,114400,1422.5
154240,"2018-01-29 09:21:06",HDIL,815573,60.05
154241,"2018-01-29 09:21:06",IDFCBANK,382444,58.6
154242,"2018-01-29 09:21:07",TATASTEEL,149649,777.15
154243,"2018-01-29 09:21:07",HDFCBANK,32626,1984.9
154244,"2018-01-29 09:21:08",JINDALSTEL,1091730,279
154245,"2018-01-29 09:21:08",RELIANCE,351791,974.35
154246,"2018-01-29 09:21:08",MARUTI,201452,9515
154247,"2018-01-29 09:21:08",AXISBANK,492984,617.9
154248,"2018-01-29 09:21:08",ICICIBANK,454431,356.2
154249,"2018-01-29 09:21:09",ITC,465992,281.65
154250,"2018-01-29 09:21:09",LT,115252,1422.75
154251,"2018-01-29 09:21:10",SBIN,2043674,315.15
154252,"2018-01-29 09:21:11",HDFC,398516,1930
154253,"2018-01-29 09:21:11",HDFCBANK,32708,1984.95
154254,"2018-01-29 09:21:13",HDIL,817088,60.05
154255,"2018-01-29 09:21:15",KOTAKBANK,76341,1101
154256,"2018-01-29 09:21:15",INFY,277420,1167.3
154257,"2018-01-29 09:21:16",RELIANCE,354909,974.3
154258,"2018-01-29 09:21:17",LT,116850,1422.6
154259,"2018-01-29 09:21:17",TATASTEEL,153175,777.2
154260,"2018-01-29 09:21:18",INFY,279494,1167.4
154261,"2018-01-29 09:21:18",AXISBANK,494595,617.85
154262,"2018-01-29 09:21:18",ICICIBANK,456068,356.2
154263,"2018-01-29 09:21:18",JINDALSTEL,1131078,278.9
154264,"2018-01-29 09:21:19",IDFCBANK,391261,58.45
154265,"2018-01-29 09:21:20",HDIL,822491,60.05
154266,"2018-01-29 09:21:20",KOTAKBANK,77624,1101.1
154267,"2018-01-29 09:21:21",SBIN,2060429,314.85
154268,"2018-01-29 09:21:21",MARUTI,205167,9508.95
154269,"2018-01-29 09:21:22",HDFCBANK,33337,1985.05
154270,"2018-01-29 09:21:24",KOTAKBANK,79110,1101.05
154271,"2018-01-29 09:21:24",AXISBANK,496330,617.85
154272,"2018-01-29 09:21:25",TATASTEEL,154758,776.9
154273,"2018-01-29 09:21:25",HDIL,834462,59.9
154274,"2018-01-29 09:21:26",LT,117679,1423.1
154275,"2018-01-29 09:21:26",MARUTI,206720,9519
154276,"2018-01-29 09:21:27",ITC,490629,281.5
154277,"2018-01-29 09:21:29",RELIANCE,356638,974.5
154278,"2018-01-29 09:21:29",HDFCBANK,34020,1984.3
154279,"2018-01-29 09:21:30",SBIN,2084590,314.35
154280,"2018-01-29 09:21:30",INFY,280784,1167.05
154281,"2018-01-29 09:21:30",HDFC,401147,1929.3
154282,"2018-01-29 09:21:32",ITC,498108,281.65
154283,"2018-01-29 09:21:32",MARUTI,209297,9514.55
154284,"2018-01-29 09:21:32",JINDALSTEL,1143561,278.9
154285,"2018-01-29 09:21:33",ITC,490629,281.5
154286,"2018-01-29 09:21:33",LT,118566,1423
154287,"2018-01-29 09:21:34",ICICIBANK,465523,356.2
154288,"2018-01-29 09:21:34",AXISBANK,498992,617.55
154289,"2018-01-29 09:21:34",ITC,498108,281.65
154290,"2018-01-29 09:21:35",HDIL,868075,59.9
154291,"2018-01-29 09:21:36",IDFCBANK,392361,58.5
154292,"2018-01-29 09:21:36",TATASTEEL,157205,777.1
154293,"2018-01-29 09:21:36",SBIN,2094836,314.4
154294,"2018-01-29 09:21:37",HDFC,402381,1929.95
154295,"2018-01-29 09:21:37",RELIANCE,358478,974.1
154296,"2018-01-29 09:21:39",HDFCBANK,34113,1985
154297,"2018-01-29 09:21:41",HDFC,403712,1930
154298,"2018-01-29 09:21:41",RELIANCE,372572,973.25
154299,"2018-01-29 09:21:41",ICICIBANK,468673,356.1
154300,"2018-01-29 09:21:42",AXISBANK,505412,617.1
154301,"2018-01-29 09:21:42",LT,120019,1423.05
154302,"2018-01-29 09:21:42",HDIL,878365,59.8
154303,"2018-01-29 09:21:43",JINDALSTEL,1148027,278.6
154304,"2018-01-29 09:21:43",ITC,499513,281.6
154305,"2018-01-29 09:21:45",HDFCBANK,35058,1985.8
154306,"2018-01-29 09:21:45",IDFCBANK,392981,58.5
154307,"2018-01-29 09:21:47",MARUTI,211102,9519.15
154308,"2018-01-29 09:21:48",SBIN,2126016,314.05
154309,"2018-01-29 09:21:48",TATASTEEL,159804,777
154310,"2018-01-29 09:21:49",LT,121385,1423.5
154311,"2018-01-29 09:21:49",RELIANCE,381951,972.85
154312,"2018-01-29 09:21:49",AXISBANK,510016,616.7
154313,"2018-01-29 09:21:49",JINDALSTEL,1153012,278.85
154314,"2018-01-29 09:21:50",INFY,286561,1167.6
154315,"2018-01-29 09:21:50",MARUTI,212809,9519
154316,"2018-01-29 09:21:52",ITC,500408,281.5
154317,"2018-01-29 09:21:52",KOTAKBANK,83304,1100.5
154318,"2018-01-29 09:21:52",HDIL,885700,59.85
154319,"2018-01-29 09:21:54",TATASTEEL,161076,777.3
154320,"2018-01-29 09:21:56",SBIN,2144111,314.15
154321,"2018-01-29 09:21:58",TATASTEEL,163659,777.25
154322,"2018-01-29 09:21:58",IDFCBANK,401722,58.4
154323,"2018-01-29 09:21:59",ITC,504790,281.5
154324,"2018-01-29 09:21:59",HDFCBANK,38964,1985.4
154325,"2018-01-29 09:21:59",LT,121737,1423.3
154326,"2018-01-29 09:22:00",JINDALSTEL,1164384,278.6
154327,"2018-01-29 09:22:00",AXISBANK,513343,616.7
154328,"2018-01-29 09:22:01",ICICIBANK,476489,356.25
154329,"2018-01-29 09:22:01",RELIANCE,384550,973.15
154330,"2018-01-29 09:22:02",INFY,286906,1167.5
154331,"2018-01-29 09:22:02",MARUTI,214036,9522.15
154332,"2018-01-29 09:22:02",HDIL,898357,59.85
154333,"2018-01-29 09:22:03",SBIN,2167598,314.2
154334,"2018-01-29 09:22:03",MARUTI,214825,9524.1
154335,"2018-01-29 09:22:04",AXISBANK,515138,616.85
154336,"2018-01-29 09:22:04",KOTAKBANK,83786,1100.1
154337,"2018-01-29 09:22:04",RELIANCE,385306,973.4
154338,"2018-01-29 09:22:04",KOTAKBANK,83921,1100.35
154339,"2018-01-29 09:22:05",JINDALSTEL,1170765,278.15
154340,"2018-01-29 09:22:05",INFY,288834,1167.55
154341,"2018-01-29 09:22:05",TATASTEEL,164060,777.3
154342,"2018-01-29 09:22:06",HDFC,453794,1925.1
154343,"2018-01-29 09:22:07",MARUTI,215636,9526.6
154344,"2018-01-29 09:22:07",HDFC,454121,1925.7
154345,"2018-01-29 09:22:07",KOTAKBANK,84440,1100.4
154346,"2018-01-29 09:22:07",LT,122108,1423.9
154347,"2018-01-29 09:22:08",IDFCBANK,404998,58.3
154348,"2018-01-29 09:22:08",ICICIBANK,478269,356.5
154349,"2018-01-29 09:22:08",SBIN,2180619,314.2
154350,"2018-01-29 09:22:08",TATASTEEL,166406,777.9
154351,"2018-01-29 09:22:08",AXISBANK,522334,617.4
154352,"2018-01-29 09:22:09",RELIANCE,385460,973.45
154353,"2018-01-29 09:22:10",INFY,289136,1167.65
154354,"2018-01-29 09:22:10",ITC,506793,281.5
154355,"2018-01-29 09:22:11",JINDALSTEL,1173668,278.45
154356,"2018-01-29 09:22:12",AXISBANK,524844,617.3
154357,"2018-01-29 09:22:12",SBIN,2186954,314.15
154358,"2018-01-29 09:22:12",HDIL,899963,59.9
154359,"2018-01-29 09:22:13",ITC,511817,281.4
154360,"2018-01-29 09:22:13",LT,123571,1424.1
154361,"2018-01-29 09:22:13",HDFCBANK,40180,1985.8
154362,"2018-01-29 09:22:14",IDFCBANK,405483,58.3
154363,"2018-01-29 09:22:14",HDFC,455123,1928
154364,"2018-01-29 09:22:14",JINDALSTEL,1178501,278.35
154365,"2018-01-29 09:22:14",INFY,290676,1167.65
154366,"2018-01-29 09:22:15",TATASTEEL,174662,778.65
154367,"2018-01-29 09:22:15",HDIL,904120,59.9
154368,"2018-01-29 09:22:16",KOTAKBANK,84712,1100.2
154369,"2018-01-29 09:22:17",RELIANCE,385969,974
154370,"2018-01-29 09:22:17",MARUTI,217427,9529.95
154371,"2018-01-29 09:22:20",KOTAKBANK,85040,1100.55
154372,"2018-01-29 09:22:20",AXISBANK,528057,617.95
154373,"2018-01-29 09:22:21",IDFCBANK,416398,58.35
154374,"2018-01-29 09:22:22",RELIANCE,388193,974.65
154375,"2018-01-29 09:22:22",HDFCBANK,40854,1985.15
154376,"2018-01-29 09:22:22",INFY,291406,1167.7
154377,"2018-01-29 09:22:22",TATASTEEL,175490,778.65
154378,"2018-01-29 09:22:23",ICICIBANK,480655,356.45
154379,"2018-01-29 09:22:25",JINDALSTEL,1190690,278.2
154380,"2018-01-29 09:22:25",LT,127448,1424.1
154381,"2018-01-29 09:22:26",MARUTI,218525,9529.9
154382,"2018-01-29 09:22:28",SBIN,2198530,314.15
154383,"2018-01-29 09:22:29",ICICIBANK,482893,356.5
154384,"2018-01-29 09:22:29",HDIL,909370,59.95
154385,"2018-01-29 09:22:29",INFY,292748,1167.65
154386,"2018-01-29 09:22:29",HDFC,462962,1929.75
154387,"2018-01-29 09:22:30",HDIL,912370,59.9
154388,"2018-01-29 09:22:30",AXISBANK,530659,617.45
154389,"2018-01-29 09:22:31",HDFCBANK,40937,1986
154390,"2018-01-29 09:22:31",ITC,514888,281.5
154391,"2018-01-29 09:22:32",IDFCBANK,418069,58.4
154392,"2018-01-29 09:22:33",SBIN,2208774,314.15
154393,"2018-01-29 09:22:34",RELIANCE,390064,975.2
154394,"2018-01-29 09:22:35",TATASTEEL,178985,778.6
154395,"2018-01-29 09:22:35",KOTAKBANK,86357,1100.05
154396,"2018-01-29 09:22:36",MARUTI,219229,9531.05
154397,"2018-01-29 09:22:39",HDFCBANK,42045,1987
154398,"2018-01-29 09:22:39",LT,131817,1423.7
154399,"2018-01-29 09:22:39",HDFC,464565,1929.95
154400,"2018-01-29 09:22:39",ICICIBANK,485867,356.55
154401,"2018-01-29 09:22:39",SBIN,2248865,314.5
154402,"2018-01-29 09:22:39",AXISBANK,532133,617.5
154403,"2018-01-29 09:22:41",ITC,519062,281.6
154404,"2018-01-29 09:22:42",INFY,293659,1167.6
154405,"2018-01-29 09:22:42",IDFCBANK,418741,58.35
154406,"2018-01-29 09:22:43",MARUTI,221000,9539
154407,"2018-01-29 09:22:43",JINDALSTEL,1205868,279.3
154408,"2018-01-29 09:22:44",TATASTEEL,181745,778.9
154409,"2018-01-29 09:22:44",RELIANCE,396239,975.45
154410,"2018-01-29 09:22:46",SBIN,2260381,314.8
154411,"2018-01-29 09:22:46",HDIL,914314,59.95
154412,"2018-01-29 09:22:46",AXISBANK,534641,617.7
154413,"2018-01-29 09:22:46",TATASTEEL,199795,779.45
154414,"2018-01-29 09:22:47",ITC,523858,281.7
154415,"2018-01-29 09:22:47",ICICIBANK,487103,356.5
154416,"2018-01-29 09:22:48",LT,132832,1424
154417,"2018-01-29 09:22:48",IDFCBANK,419043,58.45
154418,"2018-01-29 09:22:48",HDFCBANK,42300,1986.55
154419,"2018-01-29 09:22:48",RELIANCE,410460,975.3
154420,"2018-01-29 09:22:50",KOTAKBANK,86879,1100.4
154421,"2018-01-29 09:22:51",HDFC,470908,1929
154422,"2018-01-29 09:22:51",INFY,299826,1167.55
154423,"2018-01-29 09:22:54",HDIL,922992,59.95
154424,"2018-01-29 09:22:56",IDFCBANK,426242,58.4
154425,"2018-01-29 09:22:57",AXISBANK,536051,617.9
154426,"2018-01-29 09:22:57",HDFC,472352,1927.7
154427,"2018-01-29 09:22:57",HDFCBANK,42670,1986.2
154428,"2018-01-29 09:22:59",JINDALSTEL,1243890,278.8
154429,"2018-01-29 09:23:00",MARUTI,223762,9535.7
154430,"2018-01-29 09:23:00",TATASTEEL,203354,779.55
154431,"2018-01-29 09:23:02",ITC,527899,281.65
154432,"2018-01-29 09:23:02",ICICIBANK,490612,356.35
154433,"2018-01-29 09:23:03",LT,134390,1424
154434,"2018-01-29 09:23:03",RELIANCE,412079,974.65
154435,"2018-01-29 09:23:04",ICICIBANK,491547,356.45
154436,"2018-01-29 09:23:04",KOTAKBANK,88025,1100.1
154437,"2018-01-29 09:23:04",HDIL,925152,59.9
154438,"2018-01-29 09:23:04",AXISBANK,537709,617.9
154439,"2018-01-29 09:23:06",ITC,530173,281.65
154440,"2018-01-29 09:23:06",RELIANCE,417965,975
154441,"2018-01-29 09:23:06",HDFCBANK,42955,1986
154442,"2018-01-29 09:23:07",JINDALSTEL,1246590,278.6
154443,"2018-01-29 09:23:08",INFY,307187,1166.9
154444,"2018-01-29 09:23:11",LT,136085,1424.15
154445,"2018-01-29 09:23:14",SBIN,2313386,314.4
154446,"2018-01-29 09:23:14",RELIANCE,419828,974.85
154447,"2018-01-29 09:23:14",AXISBANK,539158,617.85
154448,"2018-01-29 09:23:15",HDFCBANK,43410,1986.2
154449,"2018-01-29 09:23:15",HDIL,937088,59.9
154450,"2018-01-29 09:23:15",ICICIBANK,495728,356.45
154451,"2018-01-29 09:23:16",INFY,309350,1167.35
154452,"2018-01-29 09:23:17",MARUTI,226567,9534
154453,"2018-01-29 09:23:17",JINDALSTEL,1249668,278.6
154454,"2018-01-29 09:23:18",SBIN,2319198,314.5
154455,"2018-01-29 09:23:19",LT,137267,1424.6
154456,"2018-01-29 09:23:19",HDFC,490733,1926.75
154457,"2018-01-29 09:23:20",ITC,531490,281.7
154458,"2018-01-29 09:23:21",SBIN,2362651,314.6
154459,"2018-01-29 09:23:21",ICICIBANK,498418,356.45
154460,"2018-01-29 09:23:21",TATASTEEL,215508,779.7
154461,"2018-01-29 09:23:21",HDIL,937489,59.85
154462,"2018-01-29 09:23:22",HDFC,491296,1926.4
154463,"2018-01-29 09:23:22",AXISBANK,542307,617.65
154464,"2018-01-29 09:23:22",ITC,533743,281.5
154465,"2018-01-29 09:23:23",INFY,311235,1167.1
154466,"2018-01-29 09:23:24",KOTAKBANK,89205,1099.75
154467,"2018-01-29 09:23:24",LT,144156,1425.05
154468,"2018-01-29 09:23:26",HDFCBANK,43835,1986.9
154469,"2018-01-29 09:23:27",MARUTI,227359,9529.75
154470,"2018-01-29 09:23:28",RELIANCE,421433,975
154471,"2018-01-29 09:23:29",MARUTI,228045,9527.95
154472,"2018-01-29 09:23:29",HDFC,493774,1925.55
154473,"2018-01-29 09:23:29",TATASTEEL,219651,779.4
154474,"2018-01-29 09:23:30",JINDALSTEL,1267814,278.35
154475,"2018-01-29 09:23:31",ICICIBANK,506751,356.45
154476,"2018-01-29 09:23:31",RELIANCE,423408,975.55
154477,"2018-01-29 09:23:31",SBIN,2366418,314.6
154478,"2018-01-29 09:23:33",AXISBANK,543275,617.6
154479,"2018-01-29 09:23:33",HDFCBANK,44889,1987.1
154480,"2018-01-29 09:23:35",INFY,320224,1167.1
154481,"2018-01-29 09:23:37",KOTAKBANK,89883,1100.05
154482,"2018-01-29 09:23:39",ICICIBANK,514988,356.6
154483,"2018-01-29 09:23:39",HDFCBANK,44984,1985.6
154484,"2018-01-29 09:23:39",TATASTEEL,221458,779.2
154485,"2018-01-29 09:23:39",AXISBANK,545173,617.5
154486,"2018-01-29 09:23:39",HDFC,502959,1925.25
154487,"2018-01-29 09:23:39",IDFCBANK,491859,58.5
154488,"2018-01-29 09:23:40",MARUTI,228800,9522.8
154489,"2018-01-29 09:23:40",LT,146619,1425.95
154490,"2018-01-29 09:23:41",HDIL,944425,59.9
154491,"2018-01-29 09:23:41",KOTAKBANK,90207,1100.5
154492,"2018-01-29 09:23:43",INFY,322747,1166.95
154493,"2018-01-29 09:23:43",ITC,539356,281.5
154494,"2018-01-29 09:23:43",RELIANCE,429744,975
154495,"2018-01-29 09:23:44",JINDALSTEL,1273992,278.2
154496,"2018-01-29 09:23:45",MARUTI,229498,9528
154497,"2018-01-29 09:23:45",KOTAKBANK,91467,1100
154498,"2018-01-29 09:23:46",MARUTI,228800,9522.8
154499,"2018-01-29 09:23:46",SBIN,2385480,314.6
154500,"2018-01-29 09:23:46",LT,150272,1426.35
154501,"2018-01-29 09:23:47",JINDALSTEL,1278532,278.15
154502,"2018-01-29 09:23:47",HDFC,508845,1925.65
154503,"2018-01-29 09:23:47",HDFCBANK,45635,1986.85
154504,"2018-01-29 09:23:47",AXISBANK,546509,617.2
154505,"2018-01-29 09:23:47",MARUTI,229498,9528
154506,"2018-01-29 09:23:48",TATASTEEL,228169,779
154507,"2018-01-29 09:23:48",ICICIBANK,516303,356.6
154508,"2018-01-29 09:23:50",RELIANCE,436499,974.65
154509,"2018-01-29 09:23:50",INFY,324534,1166.75
154510,"2018-01-29 09:23:52",IDFCBANK,493009,58.55
154511,"2018-01-29 09:23:55",TATASTEEL,231226,779.25
154512,"2018-01-29 09:23:55",LT,151896,1426.2
154513,"2018-01-29 09:23:55",SBIN,2397458,314.55
154514,"2018-01-29 09:23:55",KOTAKBANK,96611,1100.1
154515,"2018-01-29 09:23:55",ICICIBANK,517325,356.5
154516,"2018-01-29 09:23:56",INFY,325938,1166.6
154517,"2018-01-29 09:23:57",AXISBANK,549296,617.05
154518,"2018-01-29 09:23:57",ITC,545718,281.25
154519,"2018-01-29 09:23:57",MARUTI,230295,9525.3
154520,"2018-01-29 09:23:58",HDIL,975148,59.9
154521,"2018-01-29 09:23:58",HDFC,511458,1926.05
154522,"2018-01-29 09:23:59",JINDALSTEL,1311796,277.7
154523,"2018-01-29 09:24:02",RELIANCE,437413,974.3
154524,"2018-01-29 09:24:03",HDFCBANK,45695,1986
154525,"2018-01-29 09:24:03",IDFCBANK,493110,58.55
154526,"2018-01-29 09:24:04",AXISBANK,551274,616.85
154527,"2018-01-29 09:24:04",HDFCBANK,46839,1985.75
154528,"2018-01-29 09:24:05",SBIN,2404179,314.45
154529,"2018-01-29 09:24:05",AXISBANK,549296,617.05
154530,"2018-01-29 09:24:05",JINDALSTEL,1362078,277.25
154531,"2018-01-29 09:24:05",RELIANCE,442993,974.35
154532,"2018-01-29 09:24:06",INFY,331229,1166.9
154533,"2018-01-29 09:24:06",ITC,549524,281.3
154534,"2018-01-29 09:24:06",AXISBANK,551274,616.85
154535,"2018-01-29 09:24:06",TATASTEEL,233766,779.4
154536,"2018-01-29 09:24:07",IDFCBANK,493520,58.55
154537,"2018-01-29 09:24:08",INFY,332743,1167.65
154538,"2018-01-29 09:24:08",TATASTEEL,234580,779.1
154539,"2018-01-29 09:24:08",ITC,549946,281.3
154540,"2018-01-29 09:24:08",HDFC,520793,1925
154541,"2018-01-29 09:24:08",HDIL,977619,59.85
154542,"2018-01-29 09:24:09",AXISBANK,553519,616.95
154543,"2018-01-29 09:24:09",MARUTI,233186,9526.6
154544,"2018-01-29 09:24:09",KOTAKBANK,98186,1099.75
154545,"2018-01-29 09:24:09",ICICIBANK,520644,356.8
154546,"2018-01-29 09:24:10",RELIANCE,444161,974.35
154547,"2018-01-29 09:24:12",SBIN,2408781,314.5
154548,"2018-01-29 09:24:12",LT,156740,1426.8
154549,"2018-01-29 09:24:13",HDFCBANK,47078,1985
154550,"2018-01-29 09:24:13",ICICIBANK,520956,356.9
154551,"2018-01-29 09:24:13",TATASTEEL,235386,779.05
154552,"2018-01-29 09:24:13",INFY,334027,1167.1
154553,"2018-01-29 09:24:13",AXISBANK,555731,616.85
154554,"2018-01-29 09:24:14",HDFC,521546,1925
154555,"2018-01-29 09:24:14",LT,157306,1427
154556,"2018-01-29 09:24:14",ITC,550703,281.25
154557,"2018-01-29 09:24:14",SBIN,2411748,314.4
154558,"2018-01-29 09:24:15",MARUTI,233405,9525.5
154559,"2018-01-29 09:24:16",RELIANCE,444763,974.35
154560,"2018-01-29 09:24:17",JINDALSTEL,1368766,277.35
154561,"2018-01-29 09:24:17",HDIL,1011141,59.85
154562,"2018-01-29 09:24:22",IDFCBANK,540578,58.55
154563,"2018-01-29 09:24:22",RELIANCE,446418,974.3
154564,"2018-01-29 09:24:22",AXISBANK,557463,616.8
154565,"2018-01-29 09:24:22",HDFC,523380,1924.95
154566,"2018-01-29 09:24:22",LT,158294,1426.65
154567,"2018-01-29 09:24:23",ICICIBANK,525211,356.8
154568,"2018-01-29 09:24:23",MARUTI,234742,9522.35
154569,"2018-01-29 09:24:23",JINDALSTEL,1385769,277.55
154570,"2018-01-29 09:24:25",KOTAKBANK,98420,1100.2
154571,"2018-01-29 09:24:26",HDFCBANK,47216,1985
154572,"2018-01-29 09:24:26",HDIL,1014714,59.85
154573,"2018-01-29 09:24:26",SBIN,2417815,314.4
154574,"2018-01-29 09:24:27",INFY,335972,1167.15
154575,"2018-01-29 09:24:28",TATASTEEL,238650,779.2
154576,"2018-01-29 09:24:29",MARUTI,235736,9520.15
154577,"2018-01-29 09:24:29",ITC,551615,281.25
154578,"2018-01-29 09:24:29",AXISBANK,560346,617
154579,"2018-01-29 09:24:30",JINDALSTEL,1390310,277.7
154580,"2018-01-29 09:24:31",HDFC,523605,1925
154581,"2018-01-29 09:24:31",TATASTEEL,242034,779.15
154582,"2018-01-29 09:24:31",SBIN,2419625,314.4
154583,"2018-01-29 09:24:31",IDFCBANK,551356,58.5
154584,"2018-01-29 09:24:32",INFY,336937,1167.15
154585,"2018-01-29 09:24:33",HDIL,1017524,59.9
154586,"2018-01-29 09:24:33",HDFCBANK,47231,1985
154587,"2018-01-29 09:24:34",ITC,553589,281.3
154588,"2018-01-29 09:24:34",KOTAKBANK,99457,1100
154589,"2018-01-29 09:24:35",LT,160221,1426.75
154590,"2018-01-29 09:24:36",ICICIBANK,526047,356.9
154591,"2018-01-29 09:24:38",INFY,339034,1167.1
154592,"2018-01-29 09:24:38",JINDALSTEL,1393779,277.6
154593,"2018-01-29 09:24:38",TATASTEEL,244625,779.3
154594,"2018-01-29 09:24:38",ICICIBANK,531727,357
154595,"2018-01-29 09:24:38",TATASTEEL,242034,779.15
154596,"2018-01-29 09:24:38",LT,163310,1427
154597,"2018-01-29 09:24:39",HDIL,1030169,59.9
154598,"2018-01-29 09:24:39",SBIN,2428132,314.55
154599,"2018-01-29 09:24:39",AXISBANK,561800,617.35
154600,"2018-01-29 09:24:39",MARUTI,236958,9518
154601,"2018-01-29 09:24:40",TATASTEEL,244625,779.3
154602,"2018-01-29 09:24:40",KOTAKBANK,99570,1100.15
154603,"2018-01-29 09:24:40",RELIANCE,449932,973.75
154604,"2018-01-29 09:24:41",HDFCBANK,47362,1985.45
154605,"2018-01-29 09:24:41",ITC,554071,281.3
154606,"2018-01-29 09:24:46",HDFC,527602,1926.9
154607,"2018-01-29 09:24:46",HDFC,526539,1926.7
154608,"2018-01-29 09:24:46",LT,164722,1427.05
154609,"2018-01-29 09:24:47",SBIN,2433559,314.6
154610,"2018-01-29 09:24:47",HDFC,527602,1926.9
154611,"2018-01-29 09:24:47",IDFCBANK,557474,58.5
154612,"2018-01-29 09:24:47",AXISBANK,568005,617.9
154613,"2018-01-29 09:24:47",KOTAKBANK,100645,1100
154614,"2018-01-29 09:24:48",JINDALSTEL,1401946,277.7
154615,"2018-01-29 09:24:49",HDFCBANK,47396,1984.9
154616,"2018-01-29 09:24:50",ITC,554993,281.25
154617,"2018-01-29 09:24:51",TATASTEEL,257384,780.65
154618,"2018-01-29 09:24:52",RELIANCE,453510,973.6
154619,"2018-01-29 09:24:53",INFY,339713,1167.6
154620,"2018-01-29 09:24:53",ICICIBANK,555223,357
154621,"2018-01-29 09:24:54",MARUTI,237686,9519.95
154622,"2018-01-29 09:24:54",MARUTI,238647,9518.05
154623,"2018-01-29 09:24:54",ICICIBANK,565563,356.95
154624,"2018-01-29 09:24:55",SBIN,2450622,314.6
154625,"2018-01-29 09:24:55",HDFCBANK,47458,1984.4
154626,"2018-01-29 09:24:55",AXISBANK,571175,618
154627,"2018-01-29 09:24:55",HDIL,1036818,59.9
154628,"2018-01-29 09:24:55",JINDALSTEL,1406297,277.7
154629,"2018-01-29 09:24:56",LT,165798,1427.55
154630,"2018-01-29 09:24:56",KOTAKBANK,101046,1100
154631,"2018-01-29 09:24:57",INFY,343656,1167.85
154632,"2018-01-29 09:24:57",ITC,589885,281.15
154633,"2018-01-29 09:24:59",HDFC,528011,1927.95
154634,"2018-01-29 09:25:00",TATASTEEL,268560,781.5
154635,"2018-01-29 09:25:04",HDFC,534288,1925.45
154636,"2018-01-29 09:25:04",INFY,345495,1167.65
154637,"2018-01-29 09:25:05",LT,169286,1428
154638,"2018-01-29 09:25:05",SBIN,2458878,314.7
154639,"2018-01-29 09:25:05",HDFCBANK,47610,1984
154640,"2018-01-29 09:25:06",JINDALSTEL,1432492,278.3
154641,"2018-01-29 09:25:06",IDFCBANK,558870,58.5
154642,"2018-01-29 09:25:07",AXISBANK,572254,617.8
154643,"2018-01-29 09:25:07",MARUTI,239175,9518
154644,"2018-01-29 09:25:08",KOTAKBANK,104132,1099.85
154645,"2018-01-29 09:25:09",HDIL,1041097,59.9
154646,"2018-01-29 09:25:10",ICICIBANK,574691,356.9
154647,"2018-01-29 09:25:10",RELIANCE,455379,973.5
154648,"2018-01-29 09:25:10",TATASTEEL,286786,782.6
154649,"2018-01-29 09:25:12",MARUTI,239596,9516
154650,"2018-01-29 09:25:13",AXISBANK,573951,617.8
154651,"2018-01-29 09:25:13",ITC,591800,281.2
154652,"2018-01-29 09:25:14",KOTAKBANK,109947,1099.6
154653,"2018-01-29 09:25:14",JINDALSTEL,1455758,279
154654,"2018-01-29 09:25:14",LT,174007,1429.55
154655,"2018-01-29 09:25:14",INFY,349496,1167.65
154656,"2018-01-29 09:25:14",ICICIBANK,578050,357.1
154657,"2018-01-29 09:25:15",IDFCBANK,559420,58.55
154658,"2018-01-29 09:25:15",ITC,593726,281.15
154659,"2018-01-29 09:25:16",SBIN,2460961,314.65
154660,"2018-01-29 09:25:16",HDFC,536140,1925
154661,"2018-01-29 09:25:17",HDFCBANK,47893,1984
154662,"2018-01-29 09:25:18",RELIANCE,457831,974
154663,"2018-01-29 09:25:18",HDIL,1046206,59.85
154664,"2018-01-29 09:25:21",IDFCBANK,559920,58.55
154665,"2018-01-29 09:25:21",HDFC,536779,1925
154666,"2018-01-29 09:25:22",JINDALSTEL,1466294,278.85
154667,"2018-01-29 09:25:22",HDIL,1047916,59.85
154668,"2018-01-29 09:25:22",TATASTEEL,313262,782.3
154669,"2018-01-29 09:25:22",AXISBANK,576457,617.4
154670,"2018-01-29 09:25:22",RELIANCE,458616,974.15
154671,"2018-01-29 09:25:23",ICICIBANK,578116,357.1
154672,"2018-01-29 09:25:23",MARUTI,240504,9517.4
154673,"2018-01-29 09:25:23",ITC,595009,281.15
154674,"2018-01-29 09:25:24",INFY,351478,1167.6
154675,"2018-01-29 09:25:27",LT,177544,1429.45
154676,"2018-01-29 09:25:28",KOTAKBANK,111023,1100.15
154677,"2018-01-29 09:25:29",RELIANCE,460098,974
154678,"2018-01-29 09:25:29",AXISBANK,580256,617.6
154679,"2018-01-29 09:25:29",JINDALSTEL,1474412,279
154680,"2018-01-29 09:25:31",TATASTEEL,319769,782.35
154681,"2018-01-29 09:25:31",ICICIBANK,579021,357.15
154682,"2018-01-29 09:25:31",KOTAKBANK,111338,1100.15
154683,"2018-01-29 09:25:32",SBIN,2481657,314.55
154684,"2018-01-29 09:25:32",HDIL,1053436,59.85
154685,"2018-01-29 09:25:33",MARUTI,241203,9519.95
154686,"2018-01-29 09:25:33",HDFC,539698,1925.55
154687,"2018-01-29 09:25:33",INFY,352153,1167.65
154688,"2018-01-29 09:25:34",ITC,598871,281.05
154689,"2018-01-29 09:25:35",IDFCBANK,567526,58.55
154690,"2018-01-29 09:25:36",LT,179269,1429.75
154691,"2018-01-29 09:25:37",HDFC,540648,1926
154692,"2018-01-29 09:25:38",AXISBANK,580862,617.55
154693,"2018-01-29 09:25:38",RELIANCE,461731,974.25
154694,"2018-01-29 09:25:38",HDIL,1061898,59.85
154695,"2018-01-29 09:25:38",JINDALSTEL,1485266,279
154696,"2018-01-29 09:25:38",KOTAKBANK,111683,1100.2
154697,"2018-01-29 09:25:38",HDFCBANK,48344,1983.7
154698,"2018-01-29 09:25:39",LT,184989,1429.95
154699,"2018-01-29 09:25:39",ITC,616593,281.05
154700,"2018-01-29 09:25:40",TATASTEEL,330301,782.8
154701,"2018-01-29 09:25:42",SBIN,2491040,314.6
154702,"2018-01-29 09:25:43",INFY,353634,1167.6
154703,"2018-01-29 09:25:43",MARUTI,242261,9517
154704,"2018-01-29 09:25:46",JINDALSTEL,1494364,279.15
154705,"2018-01-29 09:25:46",SBIN,2500860,314.9
154706,"2018-01-29 09:25:46",KOTAKBANK,123354,1099.55
154707,"2018-01-29 09:25:46",MARUTI,242753,9517
154708,"2018-01-29 09:25:47",AXISBANK,583079,617.4
154709,"2018-01-29 09:25:47",ITC,622860,281.2
154710,"2018-01-29 09:25:47",HDFCBANK,48511,1983.6
154711,"2018-01-29 09:25:47",INFY,354097,1167.55
154712,"2018-01-29 09:25:48",HDIL,1074398,59.9
154713,"2018-01-29 09:25:48",HDFC,543621,1925.9
154714,"2018-01-29 09:25:48",ICICIBANK,580685,357.2
154715,"2018-01-29 09:25:49",LT,195926,1430.4
154716,"2018-01-29 09:25:49",RELIANCE,468820,974.45
154717,"2018-01-29 09:25:50",TATASTEEL,333703,782.8
154718,"2018-01-29 09:25:52",IDFCBANK,567626,58.6
154719,"2018-01-29 09:25:54",ITC,627383,281.35
154720,"2018-01-29 09:25:54",SBIN,2523558,315.3
154721,"2018-01-29 09:25:55",JINDALSTEL,1500979,278.65
154722,"2018-01-29 09:25:55",RELIANCE,469831,974.35
154723,"2018-01-29 09:25:55",LT,197774,1431.15
154724,"2018-01-29 09:25:56",AXISBANK,584166,617.25
154725,"2018-01-29 09:25:57",INFY,355816,1167.4
154726,"2018-01-29 09:25:58",HDFC,545072,1926
154727,"2018-01-29 09:25:58",TATASTEEL,342162,783
154728,"2018-01-29 09:25:58",MARUTI,243155,9517.05
154729,"2018-01-29 09:25:59",ICICIBANK,581943,357.35
154730,"2018-01-29 09:25:59",KOTAKBANK,123573,1099.5
154731,"2018-01-29 09:26:00",HDIL,1078666,59.85
154732,"2018-01-29 09:26:04",MARUTI,244197,9516.85
154733,"2018-01-29 09:26:04",HDFC,546289,1926
154734,"2018-01-29 09:26:04",HDFCBANK,48852,1983.6
154735,"2018-01-29 09:26:04",INFY,360165,1167
154736,"2018-01-29 09:26:05",JINDALSTEL,1505922,278.8
154737,"2018-01-29 09:26:05",HDIL,1082177,59.9
154738,"2018-01-29 09:26:05",AXISBANK,584887,617.25
154739,"2018-01-29 09:26:06",RELIANCE,470535,973.9
154740,"2018-01-29 09:26:06",KOTAKBANK,123583,1099.35
154741,"2018-01-29 09:26:06",TATASTEEL,346200,783.35
154742,"2018-01-29 09:26:07",AXISBANK,585129,617.25
154743,"2018-01-29 09:26:07",HDFC,547030,1926.05
154744,"2018-01-29 09:26:08",JINDALSTEL,1509147,278.55
154745,"2018-01-29 09:26:09",HDFCBANK,49627,1983.35
154746,"2018-01-29 09:26:09",RELIANCE,470675,973.8
154747,"2018-01-29 09:26:09",TATASTEEL,346655,783.1
154748,"2018-01-29 09:26:09",INFY,361785,1166.9
154749,"2018-01-29 09:26:10",MARUTI,244458,9517.4
154750,"2018-01-29 09:26:11",HDIL,1084736,59.9
154751,"2018-01-29 09:26:11",IDFCBANK,568382,58.55
154752,"2018-01-29 09:26:12",KOTAKBANK,123649,1099.4
154753,"2018-01-29 09:26:13",AXISBANK,585179,617.25
154754,"2018-01-29 09:26:13",MARUTI,245049,9517.4
154755,"2018-01-29 09:26:13",JINDALSTEL,1513679,278.85
154756,"2018-01-29 09:26:14",SBIN,2542694,315.5
154757,"2018-01-29 09:26:15",HDFC,547386,1926.55
154758,"2018-01-29 09:26:16",IDFCBANK,568498,58.55
154759,"2018-01-29 09:26:16",TATASTEEL,347230,783.1
154760,"2018-01-29 09:26:17",HDIL,1102328,59.9
154761,"2018-01-29 09:26:17",INFY,363608,1166.85
154762,"2018-01-29 09:26:18",RELIANCE,470762,973.9
154763,"2018-01-29 09:26:19",HDFCBANK,51097,1984
154764,"2018-01-29 09:26:19",ITC,637696,282
154765,"2018-01-29 09:26:21",KOTAKBANK,125549,1098.9
154766,"2018-01-29 09:26:21",MARUTI,245912,9520
154767,"2018-01-29 09:26:22",SBIN,2555921,315.3
154768,"2018-01-29 09:26:22",LT,206243,1431.1
154769,"2018-01-29 09:26:22",AXISBANK,588587,617.45
154770,"2018-01-29 09:26:22",HDIL,1102579,59.9
154771,"2018-01-29 09:26:23",KOTAKBANK,126140,1098.85
154772,"2018-01-29 09:26:23",HDFC,550168,1926.6
154773,"2018-01-29 09:26:23",ICICIBANK,588431,357.65
154774,"2018-01-29 09:26:24",JINDALSTEL,1519702,278.8
154775,"2018-01-29 09:26:25",IDFCBANK,568903,58.6
154776,"2018-01-29 09:26:25",INFY,366317,1166.95
154777,"2018-01-29 09:26:29",RELIANCE,472565,973.85
154778,"2018-01-29 09:26:29",HDFCBANK,51895,1984
154779,"2018-01-29 09:26:30",HDFC,551120,1926.6
154780,"2018-01-29 09:26:30",AXISBANK,591353,617.7
154781,"2018-01-29 09:26:30",KOTAKBANK,127249,1099
154782,"2018-01-29 09:26:30",TATASTEEL,356776,782.5
154783,"2018-01-29 09:26:31",IDFCBANK,575263,58.6
154784,"2018-01-29 09:26:31",JINDALSTEL,1524711,278.25
154785,"2018-01-29 09:26:31",HDFCBANK,52103,1984
154786,"2018-01-29 09:26:32",ITC,660894,282
154787,"2018-01-29 09:26:33",RELIANCE,474407,973.7
154788,"2018-01-29 09:26:35",SBIN,2559820,315.35
154789,"2018-01-29 09:26:36",ICICIBANK,615224,357.1
154790,"2018-01-29 09:26:36",MARUTI,246246,9524.2
154791,"2018-01-29 09:26:37",INFY,368367,1167.45
154792,"2018-01-29 09:26:37",HDIL,1117908,59.9
154793,"2018-01-29 09:26:37",LT,210905,1430.65
154794,"2018-01-29 09:26:38",AXISBANK,595869,617.45
154795,"2018-01-29 09:26:39",TATASTEEL,369227,782.1
154796,"2018-01-29 09:26:39",HDFCBANK,52133,1984.95
154797,"2018-01-29 09:26:39",HDFC,553236,1928.9
154798,"2018-01-29 09:26:39",HDIL,1121708,59.9
154799,"2018-01-29 09:26:39",LT,212164,1431.15
154800,"2018-01-29 09:26:40",JINDALSTEL,1536208,278.5
154801,"2018-01-29 09:26:40",ITC,664535,282.05
154802,"2018-01-29 09:26:40",INFY,370766,1167.35
154803,"2018-01-29 09:26:40",MARUTI,247430,9525
154804,"2018-01-29 09:26:41",ICICIBANK,619105,357.25
154805,"2018-01-29 09:26:41",RELIANCE,475636,973.4
154806,"2018-01-29 09:26:42",IDFCBANK,584075,58.65
154807,"2018-01-29 09:26:45",SBIN,2567598,315.45
154808,"2018-01-29 09:26:47",AXISBANK,597028,617.45
154809,"2018-01-29 09:26:47",HDFC,553998,1928.9
154810,"2018-01-29 09:26:47",ICICIBANK,627078,357.25
154811,"2018-01-29 09:26:47",INFY,372800,1167.3
154812,"2018-01-29 09:26:48",IDFCBANK,585325,58.6
154813,"2018-01-29 09:26:48",ITC,666531,282.2
154814,"2018-01-29 09:26:49",MARUTI,248529,9528.35
154815,"2018-01-29 09:26:49",SBIN,2576318,315
154816,"2018-01-29 09:26:50",KOTAKBANK,127526,1098.85
154817,"2018-01-29 09:26:50",LT,218073,1432
154818,"2018-01-29 09:26:50",HDIL,1124108,59.9
154819,"2018-01-29 09:26:52",JINDALSTEL,1542186,278.65
154820,"2018-01-29 09:26:52",RELIANCE,477472,973.4
154821,"2018-01-29 09:26:53",HDFCBANK,52378,1984.95
154822,"2018-01-29 09:26:56",TATASTEEL,379704,782.95
154823,"2018-01-29 09:26:56",MARUTI,249256,9529
154824,"2018-01-29 09:26:56",HDIL,1125301,59.9
154825,"2018-01-29 09:26:56",RELIANCE,479704,973.4
154826,"2018-01-29 09:26:56",HDFC,556164,1928.95
154827,"2018-01-29 09:26:56",AXISBANK,598445,617.5
154828,"2018-01-29 09:26:57",SBIN,2603315,315.4
154829,"2018-01-29 09:26:57",IDFCBANK,586026,58.6
154830,"2018-01-29 09:26:58",KOTAKBANK,128554,1099.75
154831,"2018-01-29 09:26:59",LT,222836,1433.15
154832,"2018-01-29 09:26:59",ITC,670909,282.2
154833,"2018-01-29 09:27:00",ICICIBANK,630932,357.5
154834,"2018-01-29 09:27:00",HDFCBANK,55039,1985
154835,"2018-01-29 09:27:03",HDFC,557898,1929.75
154836,"2018-01-29 09:27:03",LT,242276,1434
154837,"2018-01-29 09:27:03",AXISBANK,600180,617.6
154838,"2018-01-29 09:27:04",JINDALSTEL,1546714,278.75
154839,"2018-01-29 09:27:04",RELIANCE,480477,973.5
154840,"2018-01-29 09:27:05",ITC,678722,282.35
154841,"2018-01-29 09:27:05",MARUTI,250956,9531.8
154842,"2018-01-29 09:27:05",KOTAKBANK,128778,1099.85
154843,"2018-01-29 09:27:06",SBIN,2608211,315.5
154844,"2018-01-29 09:27:06",INFY,375855,1166.85
154845,"2018-01-29 09:27:08",HDFCBANK,57614,1985
154846,"2018-01-29 09:27:08",ICICIBANK,633033,357.75
154847,"2018-01-29 09:27:08",IDFCBANK,586726,58.65
154848,"2018-01-29 09:27:12",AXISBANK,602983,617
154849,"2018-01-29 09:27:12",LT,259478,1435.15
154850,"2018-01-29 09:27:12",JINDALSTEL,1549300,278.6
154851,"2018-01-29 09:27:12",INFY,377367,1166.85
154852,"2018-01-29 09:27:13",SBIN,2614229,315.5
154853,"2018-01-29 09:27:13",ICICIBANK,635222,357.8
154854,"2018-01-29 09:27:13",KOTAKBANK,128807,1099.35
154855,"2018-01-29 09:27:14",RELIANCE,481600,973.65
154856,"2018-01-29 09:27:15",HDFC,558006,1929.15
154857,"2018-01-29 09:27:16",MARUTI,252673,9536.35
154858,"2018-01-29 09:27:16",ITC,699679,282.55
154859,"2018-01-29 09:27:17",HDIL,1130963,59.9
154860,"2018-01-29 09:27:17",IDFCBANK,590176,58.6
154861,"2018-01-29 09:27:20",TATASTEEL,384617,782.65
154862,"2018-01-29 09:27:21",ICICIBANK,657737,358.15
154863,"2018-01-29 09:27:21",ITC,709597,282.75
154864,"2018-01-29 09:27:21",RELIANCE,482197,973.8
154865,"2018-01-29 09:27:21",SBIN,2622618,315.45
154866,"2018-01-29 09:27:21",HDFC,559923,1929.7
154867,"2018-01-29 09:27:21",KOTAKBANK,128918,1099.65
154868,"2018-01-29 09:27:22",TATASTEEL,387465,782.95
154869,"2018-01-29 09:27:22",AXISBANK,605588,617.1
154870,"2018-01-29 09:27:22",MARUTI,253248,9538.4
154871,"2018-01-29 09:27:22",HDIL,1135395,59.9
154872,"2018-01-29 09:27:24",LT,269136,1435.4
154873,"2018-01-29 09:27:24",HDFCBANK,58308,1984.55
154874,"2018-01-29 09:27:25",IDFCBANK,695262,58.55
154875,"2018-01-29 09:27:28",JINDALSTEL,1561780,277.95
154876,"2018-01-29 09:27:28",KOTAKBANK,129167,1099.7
154877,"2018-01-29 09:27:28",AXISBANK,606427,617.2
154878,"2018-01-29 09:27:29",ICICIBANK,663234,358.2
154879,"2018-01-29 09:27:29",LT,272460,1435
154880,"2018-01-29 09:27:29",HDIL,1135705,59.9
154881,"2018-01-29 09:27:30",SBIN,2625703,315.65
154882,"2018-01-29 09:27:30",TATASTEEL,391137,782.8
154883,"2018-01-29 09:27:30",MARUTI,253951,9537
154884,"2018-01-29 09:27:30",HDFCBANK,58368,1984.8
154885,"2018-01-29 09:27:31",ITC,716286,282.9
154886,"2018-01-29 09:27:32",RELIANCE,484825,973.55
154887,"2018-01-29 09:27:33",IDFCBANK,714456,58.6
154888,"2018-01-29 09:27:33",INFY,379466,1166.85
154889,"2018-01-29 09:27:35",HDFC,560955,1929.7
154890,"2018-01-29 09:27:38",MARUTI,254960,9537.1
154891,"2018-01-29 09:27:39",AXISBANK,608945,617.5
154892,"2018-01-29 09:27:40",ICICIBANK,689319,358.9
154893,"2018-01-29 09:27:40",KOTAKBANK,130738,1099.95
154894,"2018-01-29 09:27:41",INFY,382425,1167
154895,"2018-01-29 09:27:41",RELIANCE,486378,973.4
154896,"2018-01-29 09:27:41",ITC,736650,283
154897,"2018-01-29 09:27:41",LT,284478,1435.2
154898,"2018-01-29 09:27:41",JINDALSTEL,1563062,277.95
154899,"2018-01-29 09:27:41",SBIN,2631568,315.65
154900,"2018-01-29 09:27:42",HDFCBANK,58430,1984.3
154901,"2018-01-29 09:27:42",HDIL,1138806,59.9
154902,"2018-01-29 09:27:43",HDFC,565221,1931.25
154903,"2018-01-29 09:27:43",IDFCBANK,714457,58.6
154904,"2018-01-29 09:27:44",TATASTEEL,400013,783.3
154905,"2018-01-29 09:27:49",RELIANCE,494661,973
154906,"2018-01-29 09:27:49",JINDALSTEL,1567540,278.05
154907,"2018-01-29 09:27:49",AXISBANK,610523,617.7
154908,"2018-01-29 09:27:49",ICICIBANK,693349,359.4
154909,"2018-01-29 09:27:49",KOTAKBANK,130773,1099.95
154910,"2018-01-29 09:27:50",ITC,743855,283.1
154911,"2018-01-29 09:27:50",HDIL,1140961,59.85
154912,"2018-01-29 09:27:50",TATASTEEL,408689,783.8
154913,"2018-01-29 09:27:51",MARUTI,255521,9538
154914,"2018-01-29 09:27:52",HDFCBANK,58611,1984
154915,"2018-01-29 09:27:52",SBIN,2641232,315.55
154916,"2018-01-29 09:27:53",LT,290474,1435
154917,"2018-01-29 09:27:53",INFY,385998,1167
154918,"2018-01-29 09:27:59",SBIN,2645163,315.6
154919,"2018-01-29 09:27:59",HDIL,1177778,60
154920,"2018-01-29 09:27:59",KOTAKBANK,130946,1099.95
154921,"2018-01-29 09:27:59",HDFCBANK,58811,1984.75
154922,"2018-01-29 09:28:00",HDFC,566825,1932
154923,"2018-01-29 09:28:00",AXISBANK,613664,617.5
154924,"2018-01-29 09:28:00",LT,299453,1435.05
154925,"2018-01-29 09:28:01",MARUTI,256096,9536
154926,"2018-01-29 09:28:01",IDFCBANK,714641,58.65
154927,"2018-01-29 09:28:01",JINDALSTEL,1574778,277.95
154928,"2018-01-29 09:28:02",TATASTEEL,410292,783.95
154929,"2018-01-29 09:28:03",INFY,388452,1166.95
154930,"2018-01-29 09:28:04",ICICIBANK,700924,359.9
154931,"2018-01-29 09:28:05",AXISBANK,614443,617.5
154932,"2018-01-29 09:28:05",ITC,774119,282.75
154933,"2018-01-29 09:28:06",RELIANCE,497012,972.45
154934,"2018-01-29 09:28:06",RELIANCE,495602,972.7
154935,"2018-01-29 09:28:06",LT,299861,1434.5
154936,"2018-01-29 09:28:06",JINDALSTEL,1582169,277.8
154937,"2018-01-29 09:28:06",HDIL,1224561,60
154938,"2018-01-29 09:28:07",MARUTI,256808,9536.1
154939,"2018-01-29 09:28:07",INFY,391005,1167
154940,"2018-01-29 09:28:07",SBIN,2652768,315.6
154941,"2018-01-29 09:28:08",AXISBANK,615205,617.4
154942,"2018-01-29 09:28:08",KOTAKBANK,131200,1099.85
154943,"2018-01-29 09:28:08",ICICIBANK,708875,359.45
154944,"2018-01-29 09:28:08",RELIANCE,497742,972.8
154945,"2018-01-29 09:28:08",TATASTEEL,447600,784.75
154946,"2018-01-29 09:28:09",JINDALSTEL,1582752,277.85
154947,"2018-01-29 09:28:10",ITC,781776,282.75
154948,"2018-01-29 09:28:11",HDFCBANK,58896,1984.7
154949,"2018-01-29 09:28:11",HDFC,568792,1932.55
154950,"2018-01-29 09:28:13",IDFCBANK,714794,58.65
154951,"2018-01-29 09:28:14",LT,300815,1434.5
154952,"2018-01-29 09:28:14",AXISBANK,615717,617.45
154953,"2018-01-29 09:28:15",JINDALSTEL,1591518,277.5
154954,"2018-01-29 09:28:15",LT,304218,1434.65
154955,"2018-01-29 09:28:15",ICICIBANK,713139,359.45
154956,"2018-01-29 09:28:15",ITC,783508,282.55
154957,"2018-01-29 09:28:16",INFY,394536,1166.9
154958,"2018-01-29 09:28:16",TATASTEEL,450788,784.65
154959,"2018-01-29 09:28:16",HDIL,1244509,59.9
154960,"2018-01-29 09:28:16",IDFCBANK,715394,58.65
154961,"2018-01-29 09:28:17",RELIANCE,497967,972.55
154962,"2018-01-29 09:28:17",SBIN,2664519,315.65
154963,"2018-01-29 09:28:18",HDFC,569412,1933.25
154964,"2018-01-29 09:28:18",MARUTI,258437,9540
154965,"2018-01-29 09:28:23",KOTAKBANK,131205,1099.35
154966,"2018-01-29 09:28:24",HDFCBANK,58921,1984.25
154967,"2018-01-29 09:28:24",HDFC,573207,1933.85
154968,"2018-01-29 09:28:24",AXISBANK,617210,617.4
154969,"2018-01-29 09:28:24",RELIANCE,500064,972.65
154970,"2018-01-29 09:28:25",TATASTEEL,456408,784
154971,"2018-01-29 09:28:25",ICICIBANK,719645,359.3
154972,"2018-01-29 09:28:25",IDFCBANK,718369,58.6
154973,"2018-01-29 09:28:25",KOTAKBANK,131427,1099.35
154974,"2018-01-29 09:28:26",MARUTI,259174,9540.8
154975,"2018-01-29 09:28:26",INFY,395977,1166.9
154976,"2018-01-29 09:28:26",SBIN,2676385,315.55
154977,"2018-01-29 09:28:27",JINDALSTEL,1597467,277.05
154978,"2018-01-29 09:28:27",HDIL,1247631,59.95
154979,"2018-01-29 09:28:29",ITC,785582,282.5
154980,"2018-01-29 09:28:32",HDFCBANK,59524,1984
154981,"2018-01-29 09:28:34",LT,307172,1434.6
154982,"2018-01-29 09:28:34",SBIN,2683164,315.1
154983,"2018-01-29 09:28:35",MARUTI,260236,9543
154984,"2018-01-29 09:28:35",HDFC,575613,1932.2
154985,"2018-01-29 09:28:35",ICICIBANK,727874,359.3
154986,"2018-01-29 09:28:35",AXISBANK,618639,617.4
154987,"2018-01-29 09:28:35",INFY,397465,1166.9
154988,"2018-01-29 09:28:36",TATASTEEL,462999,783.05
154989,"2018-01-29 09:28:36",RELIANCE,500699,972.6
154990,"2018-01-29 09:28:36",ITC,787552,282.55
154991,"2018-01-29 09:28:36",KOTAKBANK,132997,1099.5
154992,"2018-01-29 09:28:37",JINDALSTEL,1616562,276.95
154993,"2018-01-29 09:28:37",IDFCBANK,723169,58.6
154994,"2018-01-29 09:28:39",LT,318822,1435.15
154995,"2018-01-29 09:28:40",HDIL,1248233,60
154996,"2018-01-29 09:28:43",HDFCBANK,59703,1984.7
154997,"2018-01-29 09:28:43",SBIN,2690697,315.1
154998,"2018-01-29 09:28:44",INFY,399798,1166.9
154999,"2018-01-29 09:28:44",MARUTI,261058,9547.9
155000,"2018-01-29 09:28:44",HDIL,1264204,59.9
155001,"2018-01-29 09:28:44",RELIANCE,505045,972.3
155002,"2018-01-29 09:28:45",HDFC,576665,1932.1
155003,"2018-01-29 09:28:46",KOTAKBANK,134887,1099.6
155004,"2018-01-29 09:28:46",AXISBANK,623801,617.2
155005,"2018-01-29 09:28:46",LT,328909,1435.1
155006,"2018-01-29 09:28:47",ITC,788558,282.45
155007,"2018-01-29 09:28:47",IDFCBANK,726022,58.6
155008,"2018-01-29 09:28:49",JINDALSTEL,1625672,276.95
155009,"2018-01-29 09:28:49",HDFCBANK,60101,1984.8
155010,"2018-01-29 09:28:50",ICICIBANK,734645,359.5
155011,"2018-01-29 09:28:51",TATASTEEL,465084,783.25
155012,"2018-01-29 09:28:53",HDFC,576902,1932.8
155013,"2018-01-29 09:28:53",KOTAKBANK,135871,1099.6
155014,"2018-01-29 09:28:54",ICICIBANK,737230,359.45
155015,"2018-01-29 09:28:54",IDFCBANK,726645,58.6
155016,"2018-01-29 09:28:55",HDIL,1287586,59.95
155017,"2018-01-29 09:28:55",LT,332609,1435.15
155018,"2018-01-29 09:28:55",TATASTEEL,467569,783.3
155019,"2018-01-29 09:28:55",AXISBANK,624433,617.25
155020,"2018-01-29 09:28:57",HDFCBANK,60726,1984.5
155021,"2018-01-29 09:28:57",INFY,400467,1166.85
155022,"2018-01-29 09:28:57",RELIANCE,506739,972.25
155023,"2018-01-29 09:28:57",MARUTI,261763,9547.65
155024,"2018-01-29 09:28:59",JINDALSTEL,1636708,277.25
155025,"2018-01-29 09:29:01",SBIN,2696704,315.45
155026,"2018-01-29 09:29:01",ITC,792358,282.55
155027,"2018-01-29 09:29:02",MARUTI,263589,9547.75
155028,"2018-01-29 09:29:03",AXISBANK,627360,617.5
155029,"2018-01-29 09:29:03",INFY,401637,1166.85
155030,"2018-01-29 09:29:03",KOTAKBANK,137076,1099.6
155031,"2018-01-29 09:29:03",HDFC,577886,1934
155032,"2018-01-29 09:29:03",ITC,796682,282.4
155033,"2018-01-29 09:29:04",JINDALSTEL,1644001,277.4
155034,"2018-01-29 09:29:04",IDFCBANK,727246,58.6
155035,"2018-01-29 09:29:05",RELIANCE,507610,972.5
155036,"2018-01-29 09:29:05",ICICIBANK,741397,359.1
155037,"2018-01-29 09:29:06",HDIL,1298486,59.95
155038,"2018-01-29 09:29:06",TATASTEEL,470469,783.35
155039,"2018-01-29 09:29:06",SBIN,2714665,315.3
155040,"2018-01-29 09:29:09",HDFCBANK,61508,1985
155041,"2018-01-29 09:29:09",LT,334595,1436.2
155042,"2018-01-29 09:29:11",RELIANCE,509974,972.95
155043,"2018-01-29 09:29:11",INFY,402334,1167
155044,"2018-01-29 09:29:11",LT,336628,1436.5
155045,"2018-01-29 09:29:11",HDFCBANK,61565,1985
155046,"2018-01-29 09:29:12",IDFCBANK,729647,58.6
155047,"2018-01-29 09:29:12",HDFC,579208,1933.95
155048,"2018-01-29 09:29:12",MARUTI,264653,9547.3
155049,"2018-01-29 09:29:12",ITC,801748,282.3
155050,"2018-01-29 09:29:12",AXISBANK,628111,617.3
155051,"2018-01-29 09:29:13",KOTAKBANK,137337,1099.65
155052,"2018-01-29 09:29:13",ICICIBANK,742790,359.4
155053,"2018-01-29 09:29:15",TATASTEEL,473387,783.6
155054,"2018-01-29 09:29:19",HDIL,1305731,59.95
155055,"2018-01-29 09:29:19",SBIN,2728250,315.25
155056,"2018-01-29 09:29:20",AXISBANK,631498,617.6
155057,"2018-01-29 09:29:20",MARUTI,265525,9546.9
155058,"2018-01-29 09:29:20",ICICIBANK,748269,359.4
155059,"2018-01-29 09:29:20",RELIANCE,510600,972.7
155060,"2018-01-29 09:29:21",ITC,823919,282.55
155061,"2018-01-29 09:29:22",TATASTEEL,478117,784.15
155062,"2018-01-29 09:29:23",HDIL,1311304,59.95
155063,"2018-01-29 09:29:23",INFY,404882,1167.05
155064,"2018-01-29 09:29:23",LT,337698,1435.95
155065,"2018-01-29 09:29:24",HDFCBANK,61627,1985
155066,"2018-01-29 09:29:24",KOTAKBANK,138751,1100.1
155067,"2018-01-29 09:29:25",SBIN,2731032,315.3
155068,"2018-01-29 09:29:25",IDFCBANK,730647,58.65
155069,"2018-01-29 09:29:25",JINDALSTEL,1661239,277.9
155070,"2018-01-29 09:29:28",RELIANCE,512481,972.3
155071,"2018-01-29 09:29:28",HDFCBANK,63335,1985
155072,"2018-01-29 09:29:28",LT,340978,1436.4
155073,"2018-01-29 09:29:28",MARUTI,266760,9545
155074,"2018-01-29 09:29:29",AXISBANK,634256,618
155075,"2018-01-29 09:29:29",IDFCBANK,733651,58.65
155076,"2018-01-29 09:29:29",HDIL,1323982,59.95
155077,"2018-01-29 09:29:29",SBIN,2738064,315.5
155078,"2018-01-29 09:29:30",ITC,825287,282.6
155079,"2018-01-29 09:29:30",INFY,405946,1167.05
155080,"2018-01-29 09:29:30",JINDALSTEL,1680211,278.2
155081,"2018-01-29 09:29:31",HDFC,688370,1932
155082,"2018-01-29 09:29:34",ICICIBANK,754879,359.4
155083,"2018-01-29 09:29:36",KOTAKBANK,140510,1100.25
155084,"2018-01-29 09:29:37",ICICIBANK,767971,359.6
155085,"2018-01-29 09:29:37",TATASTEEL,485599,784.5
155086,"2018-01-29 09:29:37",IDFCBANK,734751,58.65
155087,"2018-01-29 09:29:37",HDFCBANK,67800,1986.75
155088,"2018-01-29 09:29:37",SBIN,2745478,315.4
155089,"2018-01-29 09:29:38",ITC,828357,282.75
155090,"2018-01-29 09:29:38",HDIL,1331544,59.95
155091,"2018-01-29 09:29:38",AXISBANK,643807,618
155092,"2018-01-29 09:29:38",JINDALSTEL,1682471,278.2
155093,"2018-01-29 09:29:39",HDFC,688465,1932.5
155094,"2018-01-29 09:29:39",KOTAKBANK,140982,1101
155095,"2018-01-29 09:29:40",RELIANCE,514864,972.2
155096,"2018-01-29 09:29:44",INFY,408051,1166.95
155097,"2018-01-29 09:29:45",HDFC,689640,1933.4
155098,"2018-01-29 09:29:46",AXISBANK,645116,618
155099,"2018-01-29 09:29:46",KOTAKBANK,141851,1101
155100,"2018-01-29 09:29:46",ICICIBANK,769162,359.4
155101,"2018-01-29 09:29:46",MARUTI,268695,9548
155102,"2018-01-29 09:29:47",RELIANCE,522420,971.45
155103,"2018-01-29 09:29:47",HDIL,1369481,59.9
155104,"2018-01-29 09:29:48",JINDALSTEL,1686861,278.25
155105,"2018-01-29 09:29:49",HDFCBANK,68071,1986.15
155106,"2018-01-29 09:29:50",ITC,829929,282.6
155107,"2018-01-29 09:29:50",INFY,408959,1167.05
155108,"2018-01-29 09:29:53",TATASTEEL,489945,784.5
155109,"2018-01-29 09:29:54",SBIN,2748349,315.35
155110,"2018-01-29 09:29:54",JINDALSTEL,1688540,278.2
155111,"2018-01-29 09:29:54",TATASTEEL,490789,784.3
155112,"2018-01-29 09:29:54",SBIN,2753555,315.2
155113,"2018-01-29 09:29:55",AXISBANK,645240,617.95
155114,"2018-01-29 09:29:55",HDFCBANK,69828,1986.65
155115,"2018-01-29 09:29:55",ICICIBANK,778445,359.5
155116,"2018-01-29 09:29:57",IDFCBANK,734991,58.65
155117,"2018-01-29 09:29:57",KOTAKBANK,141916,1100.65
155118,"2018-01-29 09:29:59",LT,348711,1435.35
155119,"2018-01-29 09:29:59",HDFC,691702,1932.6
155120,"2018-01-29 09:29:59",INFY,409273,1166.95
155121,"2018-01-29 09:30:02",MARUTI,275478,9550
155122,"2018-01-29 09:30:03",ITC,832211,282.75
155123,"2018-01-29 09:30:04",LT,353865,1435.2
155124,"2018-01-29 09:30:04",ICICIBANK,786585,359.95
155125,"2018-01-29 09:30:04",RELIANCE,524951,971.85
155126,"2018-01-29 09:30:04",ITC,837768,282.95
155127,"2018-01-29 09:30:04",ITC,832211,282.75
155128,"2018-01-29 09:30:05",RELIANCE,526569,971.8
155129,"2018-01-29 09:30:05",AXISBANK,650531,617.8
155130,"2018-01-29 09:30:05",INFY,411296,1167.05
155131,"2018-01-29 09:30:06",MARUTI,280170,9552
155132,"2018-01-29 09:30:06",HDIL,1392590,59.9
155133,"2018-01-29 09:30:07",ICICIBANK,803297,359.95
155134,"2018-01-29 09:30:07",SBIN,2783915,314.9
155135,"2018-01-29 09:30:08",JINDALSTEL,1694019,278.25
155136,"2018-01-29 09:30:09",ITC,839264,282.7
155137,"2018-01-29 09:30:09",HDFC,692319,1932.75
155138,"2018-01-29 09:30:11",IDFCBANK,735641,58.7
155139,"2018-01-29 09:30:12",LT,353909,1435.2
155140,"2018-01-29 09:30:12",HDFCBANK,70939,1985.95
155141,"2018-01-29 09:30:13",KOTAKBANK,142010,1100.7
155142,"2018-01-29 09:30:14",TATASTEEL,495516,783.75
155143,"2018-01-29 09:30:15",RELIANCE,527622,971.95
155144,"2018-01-29 09:30:15",KOTAKBANK,142036,1100.9
155145,"2018-01-29 09:30:15",HDFC,694028,1933.45
155146,"2018-01-29 09:30:15",AXISBANK,651665,617.6
155147,"2018-01-29 09:30:15",SBIN,2791632,315.1
155148,"2018-01-29 09:30:16",HDFCBANK,72116,1986.65
155149,"2018-01-29 09:30:17",JINDALSTEL,1702828,278
155150,"2018-01-29 09:30:17",ITC,841482,282.6
155151,"2018-01-29 09:30:18",LT,358802,1435.4
155152,"2018-01-29 09:30:19",INFY,412452,1167.05
155153,"2018-01-29 09:30:20",HDIL,1397407,59.9
155154,"2018-01-29 09:30:21",ICICIBANK,842033,360.4
155155,"2018-01-29 09:30:22",TATASTEEL,499594,783.85
155156,"2018-01-29 09:30:23",IDFCBANK,740200,58.65
155157,"2018-01-29 09:30:24",AXISBANK,652476,617.75
155158,"2018-01-29 09:30:24",LT,361608,1436.25
155159,"2018-01-29 09:30:24",INFY,414792,1167.05
155160,"2018-01-29 09:30:25",HDFCBANK,72202,1986.8
155161,"2018-01-29 09:30:25",MARUTI,282910,9553.8
155162,"2018-01-29 09:30:25",HDFC,695576,1933.85
155163,"2018-01-29 09:30:26",KOTAKBANK,143120,1101.4
155164,"2018-01-29 09:30:27",ITC,842218,282.55
155165,"2018-01-29 09:30:27",HDIL,1406277,59.85
155166,"2018-01-29 09:30:27",ICICIBANK,854509,360.2
155167,"2018-01-29 09:30:30",TATASTEEL,504008,783.95
155168,"2018-01-29 09:30:31",JINDALSTEL,1704813,278
155169,"2018-01-29 09:30:32",SBIN,2801001,315.1
155170,"2018-01-29 09:30:33",AXISBANK,652836,617.75
155171,"2018-01-29 09:30:33",IDFCBANK,783031,58.85
155172,"2018-01-29 09:30:34",HDFC,703834,1935.05
155173,"2018-01-29 09:30:34",HDIL,1418711,59.75
155174,"2018-01-29 09:30:35",ICICIBANK,870709,360.05
155175,"2018-01-29 09:30:35",LT,363757,1435.6
155176,"2018-01-29 09:30:37",INFY,416824,1166.9
155177,"2018-01-29 09:30:37",TATASTEEL,510056,783.85
155178,"2018-01-29 09:30:37",SBIN,2835014,315
155179,"2018-01-29 09:30:37",JINDALSTEL,1708815,277.95
155180,"2018-01-29 09:30:38",ITC,853430,282.85
155181,"2018-01-29 09:30:40",MARUTI,285391,9560
155182,"2018-01-29 09:30:41",HDFCBANK,72711,1986.5
155183,"2018-01-29 09:30:41",MARUTI,288305,9560
155184,"2018-01-29 09:30:42",LT,367593,1435
155185,"2018-01-29 09:30:42",INFY,418972,1166.75
155186,"2018-01-29 09:30:42",RELIANCE,532054,972.3
155187,"2018-01-29 09:30:42",TATASTEEL,513366,783.45
155188,"2018-01-29 09:30:43",ITC,862380,282.9
155189,"2018-01-29 09:30:43",AXISBANK,653384,617.75
155190,"2018-01-29 09:30:44",KOTAKBANK,145775,1101.6
155191,"2018-01-29 09:30:44",SBIN,2840928,314.9
155192,"2018-01-29 09:30:45",IDFCBANK,835218,58.85
155193,"2018-01-29 09:30:45",HDIL,1460588,59.75
155194,"2018-01-29 09:30:46",HDFC,706617,1936.55
155195,"2018-01-29 09:30:47",ICICIBANK,881876,360.1
155196,"2018-01-29 09:30:49",JINDALSTEL,1713435,277.35
155197,"2018-01-29 09:30:50",ICICIBANK,893899,359.75
155198,"2018-01-29 09:30:50",HDIL,1462942,59.75
155199,"2018-01-29 09:30:50",KOTAKBANK,146476,1102
155200,"2018-01-29 09:30:50",IDFCBANK,854986,58.85
155201,"2018-01-29 09:30:50",HDFC,707488,1935.2
155202,"2018-01-29 09:30:51",ITC,864667,282.85
155203,"2018-01-29 09:30:51",TATASTEEL,515316,783.45
155204,"2018-01-29 09:30:51",AXISBANK,654785,617.7
155205,"2018-01-29 09:30:52",RELIANCE,535743,971.9
155206,"2018-01-29 09:30:54",INFY,419607,1166.7
155207,"2018-01-29 09:30:54",MARUTI,290681,9563
155208,"2018-01-29 09:30:55",LT,375229,1435.2
155209,"2018-01-29 09:30:57",SBIN,2852600,314.85
155210,"2018-01-29 09:30:58",ICICIBANK,903445,359.45
155211,"2018-01-29 09:30:58",AXISBANK,656419,617.75
155212,"2018-01-29 09:30:58",SBIN,2858777,315
155213,"2018-01-29 09:30:59",HDFC,708848,1936.7
155214,"2018-01-29 09:30:59",HDFCBANK,74773,1987.45
155215,"2018-01-29 09:31:00",TATASTEEL,523500,783.4
155216,"2018-01-29 09:31:02",HDIL,1464142,59.75
155217,"2018-01-29 09:31:02",MARUTI,295256,9564.15
155218,"2018-01-29 09:31:03",ITC,886555,282.8
155219,"2018-01-29 09:31:03",IDFCBANK,867406,58.75
155220,"2018-01-29 09:31:03",LT,377565,1435
155221,"2018-01-29 09:31:03",RELIANCE,538169,971.8
155222,"2018-01-29 09:31:05",JINDALSTEL,1719950,277.6
155223,"2018-01-29 09:31:05",KOTAKBANK,146697,1102.15
155224,"2018-01-29 09:31:07",AXISBANK,656840,617.6
155225,"2018-01-29 09:31:07",IDFCBANK,870519,58.85
155226,"2018-01-29 09:31:08",JINDALSTEL,1726236,277.4
155227,"2018-01-29 09:31:08",HDIL,1467391,59.75
155228,"2018-01-29 09:31:08",HDFC,710262,1936.5
155229,"2018-01-29 09:31:08",TATASTEEL,525009,783.4
155230,"2018-01-29 09:31:09",INFY,422280,1167
155231,"2018-01-29 09:31:09",ITC,890698,282.8
155232,"2018-01-29 09:31:09",HDFCBANK,75333,1987
155233,"2018-01-29 09:31:10",MARUTI,296536,9568.25
155234,"2018-01-29 09:31:11",ICICIBANK,906411,359.35
155235,"2018-01-29 09:31:12",KOTAKBANK,146966,1103
155236,"2018-01-29 09:31:13",LT,387312,1435.65
155237,"2018-01-29 09:31:15",RELIANCE,542531,971.2
155238,"2018-01-29 09:31:15",SBIN,2875283,315.25
155239,"2018-01-29 09:31:15",HDIL,1468374,59.7
155240,"2018-01-29 09:31:16",KOTAKBANK,147716,1103.6
155241,"2018-01-29 09:31:16",INFY,423215,1167.3
155242,"2018-01-29 09:31:16",MARUTI,298770,9569.75
155243,"2018-01-29 09:31:16",TATASTEEL,526742,783.35
155244,"2018-01-29 09:31:16",AXISBANK,657066,617.75
155245,"2018-01-29 09:31:16",HDFC,712091,1937.45
155246,"2018-01-29 09:31:17",IDFCBANK,880950,58.85
155247,"2018-01-29 09:31:17",ICICIBANK,910257,359.3
155248,"2018-01-29 09:31:19",HDFCBANK,75560,1987.55
155249,"2018-01-29 09:31:19",JINDALSTEL,1730408,277.5
155250,"2018-01-29 09:31:20",ITC,891841,282.75
155251,"2018-01-29 09:31:23",LT,390468,1436.25
155252,"2018-01-29 09:31:24",JINDALSTEL,1737985,277.3
155253,"2018-01-29 09:31:25",RELIANCE,544576,971.2
155254,"2018-01-29 09:31:25",ICICIBANK,919724,359.2
155255,"2018-01-29 09:31:26",HDIL,1472229,59.8
155256,"2018-01-29 09:31:26",AXISBANK,659213,617.6
155257,"2018-01-29 09:31:26",ITC,911826,282.95
155258,"2018-01-29 09:31:26",INFY,424501,1167.3
155259,"2018-01-29 09:31:27",IDFCBANK,888169,58.95
155260,"2018-01-29 09:31:27",HDFC,713588,1937.75
155261,"2018-01-29 09:31:29",TATASTEEL,528234,783.5
155262,"2018-01-29 09:31:30",MARUTI,300390,9568.75
155263,"2018-01-29 09:31:30",SBIN,2880883,315.2
155264,"2018-01-29 09:31:31",KOTAKBANK,148851,1102.75
155265,"2018-01-29 09:31:31",LT,393752,1437
155266,"2018-01-29 09:31:33",LT,398057,1437.25
155267,"2018-01-29 09:31:34",INFY,426793,1167.35
155268,"2018-01-29 09:31:34",HDFCBANK,77445,1987
155269,"2018-01-29 09:31:34",MARUTI,302944,9570.2
155270,"2018-01-29 09:31:34",RELIANCE,545901,971.15
155271,"2018-01-29 09:31:35",SBIN,2889482,315.25
155272,"2018-01-29 09:31:35",AXISBANK,659460,617.6
155273,"2018-01-29 09:31:36",HDIL,1509729,59.75
155274,"2018-01-29 09:31:37",HDFC,714493,1938
155275,"2018-01-29 09:31:37",ICICIBANK,925188,359.05
155276,"2018-01-29 09:31:39",IDFCBANK,894281,58.9
155277,"2018-01-29 09:31:39",JINDALSTEL,1770251,276.75
155278,"2018-01-29 09:31:41",ITC,914489,282.75
155279,"2018-01-29 09:31:41",TATASTEEL,532498,783.5
155280,"2018-01-29 09:31:42",ITC,917080,282.75
155281,"2018-01-29 09:31:42",IDFCBANK,932326,58.85
155282,"2018-01-29 09:31:42",ICICIBANK,949482,359.65
155283,"2018-01-29 09:31:42",HDFCBANK,78363,1987.8
155284,"2018-01-29 09:31:42",AXISBANK,659466,617.6
155285,"2018-01-29 09:31:43",JINDALSTEL,1780468,276.4
155286,"2018-01-29 09:31:43",TATASTEEL,534412,783.55
155287,"2018-01-29 09:31:43",HDIL,1516189,59.75
155288,"2018-01-29 09:31:44",LT,399362,1437.55
155289,"2018-01-29 09:31:45",HDFC,717189,1937.7
155290,"2018-01-29 09:31:45",SBIN,2896935,315.15
155291,"2018-01-29 09:31:45",KOTAKBANK,149943,1103
155292,"2018-01-29 09:31:49",MARUTI,304669,9572
155293,"2018-01-29 09:31:50",INFY,429460,1167.45
155294,"2018-01-29 09:31:50",MARUTI,308587,9574.9
155295,"2018-01-29 09:31:51",HDFC,718319,1937.25
155296,"2018-01-29 09:31:51",ICICIBANK,961340,359.9
155297,"2018-01-29 09:31:51",HDFCBANK,79113,1987
155298,"2018-01-29 09:31:51",IDFCBANK,938631,58.8
155299,"2018-01-29 09:31:51",AXISBANK,660923,617.65
155300,"2018-01-29 09:31:52",KOTAKBANK,150578,1102.75
155301,"2018-01-29 09:31:52",TATASTEEL,536640,783.65
155302,"2018-01-29 09:31:52",JINDALSTEL,1789828,276.25
155303,"2018-01-29 09:31:52",SBIN,2900044,315.3
155304,"2018-01-29 09:31:52",INFY,431034,1167.35
155305,"2018-01-29 09:31:54",HDIL,1519646,59.75
155306,"2018-01-29 09:31:55",LT,401331,1437.25
155307,"2018-01-29 09:31:56",RELIANCE,554245,971.3
155308,"2018-01-29 09:31:59",MARUTI,312216,9574.55
155309,"2018-01-29 09:31:59",AXISBANK,660983,617.8
155310,"2018-01-29 09:31:59",RELIANCE,554516,971.8
155311,"2018-01-29 09:31:59",TATASTEEL,538518,783.65
155312,"2018-01-29 09:31:59",IDFCBANK,939916,58.85
155313,"2018-01-29 09:32:00",HDIL,1523746,59.75
155314,"2018-01-29 09:32:00",JINDALSTEL,1799098,276.5
155315,"2018-01-29 09:32:00",KOTAKBANK,150731,1103.05
155316,"2018-01-29 09:32:00",SBIN,2904971,315.4
155317,"2018-01-29 09:32:01",ITC,921779,282.7
155318,"2018-01-29 09:32:02",LT,403375,1437.25
155319,"2018-01-29 09:32:03",LT,404888,1437.6
155320,"2018-01-29 09:32:04",JINDALSTEL,1802810,276.55
155321,"2018-01-29 09:32:04",MARUTI,312825,9574.7
155322,"2018-01-29 09:32:04",HDFC,721663,1936.9
155323,"2018-01-29 09:32:04",AXISBANK,660988,617.65
155324,"2018-01-29 09:32:04",RELIANCE,555728,971.65
155325,"2018-01-29 09:32:05",ICICIBANK,971197,359.75
155326,"2018-01-29 09:32:05",TATASTEEL,542901,783.7
155327,"2018-01-29 09:32:05",HDFCBANK,80226,1986.4
155328,"2018-01-29 09:32:05",SBIN,2918979,315.5
155329,"2018-01-29 09:32:06",AXISBANK,661069,617.75
155330,"2018-01-29 09:32:06",KOTAKBANK,151272,1103.4
155331,"2018-01-29 09:32:07",HDIL,1526969,59.75
155332,"2018-01-29 09:32:07",ITC,922816,282.7
155333,"2018-01-29 09:32:08",JINDALSTEL,1803362,276.65
155334,"2018-01-29 09:32:09",IDFCBANK,941521,58.9
155335,"2018-01-29 09:32:10",HDFC,721729,1936.95
155336,"2018-01-29 09:32:10",INFY,435863,1167.25
155337,"2018-01-29 09:32:13",HDIL,1534119,59.8
155338,"2018-01-29 09:32:13",ITC,923865,282.6
155339,"2018-01-29 09:32:13",TATASTEEL,547662,783.55
155340,"2018-01-29 09:32:13",HDFCBANK,80383,1986.95
155341,"2018-01-29 09:32:13",ICICIBANK,981691,359.35
155342,"2018-01-29 09:32:14",MARUTI,314929,9577
155343,"2018-01-29 09:32:14",KOTAKBANK,151281,1103.5
155344,"2018-01-29 09:32:14",JINDALSTEL,1816371,276.25
155345,"2018-01-29 09:32:14",LT,407197,1437
155346,"2018-01-29 09:32:14",AXISBANK,661328,617.75
155347,"2018-01-29 09:32:15",INFY,436184,1167.25
155348,"2018-01-29 09:32:15",HDFC,721860,1936.85
155349,"2018-01-29 09:32:17",SBIN,2923936,315.5
155350,"2018-01-29 09:32:18",IDFCBANK,946087,58.95
155351,"2018-01-29 09:32:22",SBIN,2935086,315.65
155352,"2018-01-29 09:32:22",HDFCBANK,80877,1987
155353,"2018-01-29 09:32:22",ICICIBANK,987478,359.35
155354,"2018-01-29 09:32:22",IDFCBANK,948627,58.95
155355,"2018-01-29 09:32:23",AXISBANK,669669,618.35
155356,"2018-01-29 09:32:23",JINDALSTEL,1829289,276.45
155357,"2018-01-29 09:32:23",RELIANCE,564975,971.75
155358,"2018-01-29 09:32:23",KOTAKBANK,152693,1104.6
155359,"2018-01-29 09:32:24",MARUTI,317807,9579.95
155360,"2018-01-29 09:32:24",ITC,924849,282.55
155361,"2018-01-29 09:32:25",LT,409888,1437.1
155362,"2018-01-29 09:32:27",HDIL,1551706,59.8
155363,"2018-01-29 09:32:27",TATASTEEL,550091,783.5
155364,"2018-01-29 09:32:29",INFY,438955,1167.25
155365,"2018-01-29 09:32:30",MARUTI,322287,9582
155366,"2018-01-29 09:32:30",HDIL,1552556,59.8
155367,"2018-01-29 09:32:30",ITC,926106,282.55
155368,"2018-01-29 09:32:30",ICICIBANK,990490,359.5
155369,"2018-01-29 09:32:31",AXISBANK,674465,618.4
155370,"2018-01-29 09:32:31",HDFC,725123,1934.55
155371,"2018-01-29 09:32:32",LT,419408,1436.4
155372,"2018-01-29 09:32:32",HDFCBANK,81183,1987.35
155373,"2018-01-29 09:32:33",SBIN,2940974,315.55
155374,"2018-01-29 09:32:34",IDFCBANK,951922,58.9
155375,"2018-01-29 09:32:34",TATASTEEL,550831,783.65
155376,"2018-01-29 09:32:35",INFY,441710,1167
155377,"2018-01-29 09:32:36",JINDALSTEL,1836659,276.35
155378,"2018-01-29 09:32:39",TATASTEEL,553141,783.5
155379,"2018-01-29 09:32:39",ITC,926590,282.55
155380,"2018-01-29 09:32:39",JINDALSTEL,1840607,276.45
155381,"2018-01-29 09:32:39",KOTAKBANK,152935,1104.7
155382,"2018-01-29 09:32:40",RELIANCE,568059,971.5
155383,"2018-01-29 09:32:40",SBIN,2947233,315.75
155384,"2018-01-29 09:32:41",ICICIBANK,1004069,359.55
155385,"2018-01-29 09:32:41",AXISBANK,674821,618.4
155386,"2018-01-29 09:32:41",LT,423691,1437.45
155387,"2018-01-29 09:32:43",INFY,442041,1167.2
155388,"2018-01-29 09:32:43",MARUTI,325703,9587
155389,"2018-01-29 09:32:44",HDFCBANK,81574,1987.85
155390,"2018-01-29 09:32:44",HDFC,725650,1934.7
155391,"2018-01-29 09:32:44",HDIL,1558987,59.8
155392,"2018-01-29 09:32:46",IDFCBANK,952022,58.95
155393,"2018-01-29 09:32:49",JINDALSTEL,1844083,276.55
155394,"2018-01-29 09:32:49",AXISBANK,675840,618.3
155395,"2018-01-29 09:32:49",IDFCBANK,961088,58.95
155396,"2018-01-29 09:32:50",HDIL,1563613,59.8
155397,"2018-01-29 09:32:50",TATASTEEL,554552,783.35
155398,"2018-01-29 09:32:50",INFY,442374,1167.15
155399,"2018-01-29 09:32:51",ITC,933174,282.2
155400,"2018-01-29 09:32:51",HDFC,726899,1936.85
155401,"2018-01-29 09:32:51",RELIANCE,568721,971.7
155402,"2018-01-29 09:32:51",LT,426312,1437.5
155403,"2018-01-29 09:32:52",HDFCBANK,82492,1988
155404,"2018-01-29 09:32:52",KOTAKBANK,159347,1104.8
155405,"2018-01-29 09:32:54",SBIN,2958246,315.8
155406,"2018-01-29 09:32:56",MARUTI,329614,9587
155407,"2018-01-29 09:32:58",HDIL,1563963,59.85
155408,"2018-01-29 09:32:58",HDFC,728043,1936.7
155409,"2018-01-29 09:32:58",TATASTEEL,559951,783.25
155410,"2018-01-29 09:32:58",MARUTI,333438,9580.75
155411,"2018-01-29 09:32:59",INFY,443639,1167.2
155412,"2018-01-29 09:33:00",ITC,935833,282.15
155413,"2018-01-29 09:33:00",LT,427764,1437.5
155414,"2018-01-29 09:33:00",AXISBANK,678779,618.1
155415,"2018-01-29 09:33:00",JINDALSTEL,1856664,276.7
155416,"2018-01-29 09:33:01",KOTAKBANK,164942,1105
155417,"2018-01-29 09:33:02",RELIANCE,572197,971.65
155418,"2018-01-29 09:33:02",ICICIBANK,1029896,359.1
155419,"2018-01-29 09:33:03",IDFCBANK,967388,58.9
155420,"2018-01-29 09:33:07",HDFCBANK,84577,1988.65
155421,"2018-01-29 09:33:07",SBIN,2987812,315.5
155422,"2018-01-29 09:33:08",INFY,444568,1167.3
155423,"2018-01-29 09:33:08",RELIANCE,578354,972.15
155424,"2018-01-29 09:33:08",JINDALSTEL,1866540,277
155425,"2018-01-29 09:33:09",MARUTI,336957,9576.35
155426,"2018-01-29 09:33:09",AXISBANK,680259,618.15
155427,"2018-01-29 09:33:09",TATASTEEL,562968,783.35
155428,"2018-01-29 09:33:09",ICICIBANK,1031650,359.4
155429,"2018-01-29 09:33:09",HDFC,729090,1936.9
155430,"2018-01-29 09:33:11",KOTAKBANK,168396,1105.5
155431,"2018-01-29 09:33:12",ITC,941947,282.1
155432,"2018-01-29 09:33:13",HDFCBANK,85030,1989
155433,"2018-01-29 09:33:13",HDIL,1571882,59.85
155434,"2018-01-29 09:33:13",LT,429359,1437.6
155435,"2018-01-29 09:33:14",IDFCBANK,970443,58.9
155436,"2018-01-29 09:33:18",KOTAKBANK,169680,1106
155437,"2018-01-29 09:33:19",SBIN,3015530,315.7
155438,"2018-01-29 09:33:19",HDIL,1572433,59.85
155439,"2018-01-29 09:33:19",RELIANCE,579825,972.2
155440,"2018-01-29 09:33:20",IDFCBANK,976160,58.9
155441,"2018-01-29 09:33:21",HDFCBANK,85697,1988.95
155442,"2018-01-29 09:33:21",HDFC,729932,1936.9
155443,"2018-01-29 09:33:21",AXISBANK,681368,618.05
155444,"2018-01-29 09:33:21",INFY,446261,1167.4
155445,"2018-01-29 09:33:21",LT,442643,1437.4
155446,"2018-01-29 09:33:22",TATASTEEL,568836,783.3
155447,"2018-01-29 09:33:24",JINDALSTEL,1870973,276.9
155448,"2018-01-29 09:33:25",MARUTI,340101,9573.7
155449,"2018-01-29 09:33:26",ICICIBANK,1032564,359.3
155450,"2018-01-29 09:33:27",HDFC,731013,1936.9
155451,"2018-01-29 09:33:28",AXISBANK,682640,618
155452,"2018-01-29 09:33:28",MARUTI,342311,9570
155453,"2018-01-29 09:33:29",IDFCBANK,981311,58.95
155454,"2018-01-29 09:33:29",RELIANCE,582670,972.05
155455,"2018-01-29 09:33:29",KOTAKBANK,171538,1105.95
155456,"2018-01-29 09:33:29",JINDALSTEL,1874374,276.75
155457,"2018-01-29 09:33:29",ICICIBANK,1039248,358.6
155458,"2018-01-29 09:33:30",HDFCBANK,85855,1989.1
155459,"2018-01-29 09:33:30",ITC,948699,281.9
155460,"2018-01-29 09:33:31",HDIL,1572936,59.85
155461,"2018-01-29 09:33:35",TATASTEEL,570920,783.75
155462,"2018-01-29 09:33:37",HDFCBANK,88893,1989.45
155463,"2018-01-29 09:33:37",LT,473596,1438.55
155464,"2018-01-29 09:33:37",SBIN,3030610,315.7
155465,"2018-01-29 09:33:37",JINDALSTEL,1876732,276.8
155466,"2018-01-29 09:33:37",KOTAKBANK,172426,1105.7
155467,"2018-01-29 09:33:37",AXISBANK,684881,618.05
155468,"2018-01-29 09:33:38",MARUTI,345609,9568.5
155469,"2018-01-29 09:33:38",HDIL,1573036,59.85
155470,"2018-01-29 09:33:40",IDFCBANK,987201,58.95
155471,"2018-01-29 09:33:40",ITC,949144,281.8
155472,"2018-01-29 09:33:41",RELIANCE,584215,972.3
155473,"2018-01-29 09:33:44",ICICIBANK,1039895,358.65
155474,"2018-01-29 09:33:45",TATASTEEL,573563,783.85
155475,"2018-01-29 09:33:46",AXISBANK,685576,618.05
155476,"2018-01-29 09:33:46",SBIN,3038830,315.65
155477,"2018-01-29 09:33:46",HDFC,733190,1937.05
155478,"2018-01-29 09:33:47",JINDALSTEL,1883681,276.65
155479,"2018-01-29 09:33:47",ITC,950697,281.75
155480,"2018-01-29 09:33:47",TATASTEEL,576594,783.8
155481,"2018-01-29 09:33:48",HDIL,1578553,59.8
155482,"2018-01-29 09:33:49",KOTAKBANK,172779,1105.9
155483,"2018-01-29 09:33:49",INFY,451562,1167.5
155484,"2018-01-29 09:33:49",HDFCBANK,90537,1989.05
155485,"2018-01-29 09:33:50",RELIANCE,585136,972.25
155486,"2018-01-29 09:33:50",ICICIBANK,1041219,358.55
155487,"2018-01-29 09:33:52",MARUTI,347741,9567.55
155488,"2018-01-29 09:33:53",LT,506711,1439
155489,"2018-01-29 09:33:54",IDFCBANK,1047132,58.9
155491,"2018-01-29 09:33:57",HDFCBANK,90537,1989.05
155492,"2018-01-29 09:33:57",HDFC,734536,1936.85
155493,"2018-01-29 09:33:57",HDFCBANK,90948,1989.45
155494,"2018-01-29 09:33:57",AXISBANK,688505,617.95
155495,"2018-01-29 09:33:57",KOTAKBANK,175971,1105.85
155496,"2018-01-29 09:33:57",ITC,952668,281.7
155497,"2018-01-29 09:33:57",SBIN,3044928,315.7
155498,"2018-01-29 09:33:58",JINDALSTEL,1886013,276.6
155499,"2018-01-29 09:33:59",RELIANCE,588834,972.5
155500,"2018-01-29 09:34:00",ICICIBANK,1041470,358.65
155501,"2018-01-29 09:34:01",INFY,455529,1167.4
155502,"2018-01-29 09:34:03",HDIL,1583516,59.75
155503,"2018-01-29 09:34:03",MARUTI,349877,9565
155504,"2018-01-29 09:34:03",TATASTEEL,586326,784.2
155505,"2018-01-29 09:34:04",ITC,953189,281.75
155506,"2018-01-29 09:34:04",AXISBANK,689340,617.9
155507,"2018-01-29 09:34:04",MARUTI,351242,9569.9
155508,"2018-01-29 09:34:04",HDFC,736752,1937.7
155509,"2018-01-29 09:34:05",JINDALSTEL,1893625,276.7
155510,"2018-01-29 09:34:05",HDFCBANK,92733,1989.45
155511,"2018-01-29 09:34:05",HDFC,736773,1937.7
155512,"2018-01-29 09:34:06",ICICIBANK,1046129,359.2
155513,"2018-01-29 09:34:07",INFY,456232,1167.25
155514,"2018-01-29 09:34:07",HDFCBANK,92783,1989.9
155515,"2018-01-29 09:34:07",LT,516125,1439.8
155516,"2018-01-29 09:34:08",MARUTI,351895,9571
155517,"2018-01-29 09:34:08",RELIANCE,596897,972.15
155518,"2018-01-29 09:34:08",AXISBANK,689401,617.95
155519,"2018-01-29 09:34:08",HDIL,1611921,59.8
155520,"2018-01-29 09:34:08",INFY,456375,1167.25
155521,"2018-01-29 09:34:09",ICICIBANK,1047871,359.3
155522,"2018-01-29 09:34:10",HDFC,736861,1937.05
155523,"2018-01-29 09:34:10",SBIN,3056421,315.75
155524,"2018-01-29 09:34:11",LT,517618,1439.8
155525,"2018-01-29 09:34:12",HDFCBANK,92848,1989.9
155526,"2018-01-29 09:34:13",MARUTI,352511,9568.85
155527,"2018-01-29 09:34:14",KOTAKBANK,176005,1105.5
155528,"2018-01-29 09:34:14",AXISBANK,689436,617.95
155529,"2018-01-29 09:34:14",LT,518732,1439.5
155530,"2018-01-29 09:34:14",ITC,954255,281.7
155531,"2018-01-29 09:34:14",IDFCBANK,1099358,58.95
155532,"2018-01-29 09:34:14",JINDALSTEL,1910490,276.6
155533,"2018-01-29 09:34:15",RELIANCE,598786,972.15
155534,"2018-01-29 09:34:15",HDIL,1622269,59.85
155535,"2018-01-29 09:34:15",INFY,456766,1167.3
155536,"2018-01-29 09:34:16",HDFC,736891,1937.05
155537,"2018-01-29 09:34:17",HDFCBANK,93658,1990
155538,"2018-01-29 09:34:18",IDFCBANK,1103058,58.95
155539,"2018-01-29 09:34:18",KOTAKBANK,176130,1105.85
155540,"2018-01-29 09:34:19",ICICIBANK,1049281,359
155541,"2018-01-29 09:34:20",TATASTEEL,606084,784.85
155542,"2018-01-29 09:34:22",ICICIBANK,1054508,358.85
155543,"2018-01-29 09:34:22",RELIANCE,601460,971.5
155544,"2018-01-29 09:34:22",KOTAKBANK,176822,1105.8
155545,"2018-01-29 09:34:22",AXISBANK,690422,618.05
155546,"2018-01-29 09:34:23",HDFCBANK,94635,1989.55
155547,"2018-01-29 09:34:24",HDIL,1623693,59.8
155548,"2018-01-29 09:34:24",HDFC,739469,1938
155549,"2018-01-29 09:34:24",JINDALSTEL,1915768,276.5
155550,"2018-01-29 09:34:24",MARUTI,353658,9566.8
155551,"2018-01-29 09:34:24",SBIN,3067978,315.75
155552,"2018-01-29 09:34:25",TATASTEEL,626213,784.8
155553,"2018-01-29 09:34:26",LT,519710,1439.6
155554,"2018-01-29 09:34:27",IDFCBANK,1104603,58.9
155555,"2018-01-29 09:34:28",INFY,457541,1167.35
155556,"2018-01-29 09:34:29",ITC,958831,281.6
155557,"2018-01-29 09:34:32",AXISBANK,691730,618.25
155558,"2018-01-29 09:34:33",ITC,959711,281.4
155559,"2018-01-29 09:34:33",RELIANCE,603163,971.55
155560,"2018-01-29 09:34:34",MARUTI,355061,9567.55
155561,"2018-01-29 09:34:34",INFY,458734,1167.5
155562,"2018-01-29 09:34:34",IDFCBANK,1140972,58.95
155563,"2018-01-29 09:34:34",ICICIBANK,1055405,358.75
155564,"2018-01-29 09:34:34",TATASTEEL,639197,785.7
155565,"2018-01-29 09:34:36",LT,522633,1439.35
155566,"2018-01-29 09:34:36",SBIN,3075616,315.65
155567,"2018-01-29 09:34:39",HDIL,1632133,59.75
155568,"2018-01-29 09:34:41",LT,524550,1439.65
155569,"2018-01-29 09:34:41",MARUTI,356184,9563
155570,"2018-01-29 09:34:41",KOTAKBANK,176947,1105.8
155571,"2018-01-29 09:34:42",INFY,459709,1167.45
155572,"2018-01-29 09:34:42",AXISBANK,691923,618.2
155573,"2018-01-29 09:34:42",JINDALSTEL,1945333,275.95
155574,"2018-01-29 09:34:43",KOTAKBANK,178023,1106
155575,"2018-01-29 09:34:43",ICICIBANK,1057661,358.85
155576,"2018-01-29 09:34:44",TATASTEEL,667443,787.55
155577,"2018-01-29 09:34:44",RELIANCE,607608,970.75
155578,"2018-01-29 09:34:45",HDIL,1642629,59.75
155579,"2018-01-29 09:34:45",ITC,961282,281.35
155580,"2018-01-29 09:34:46",SBIN,3079475,315.65
155581,"2018-01-29 09:34:47",HDFCBANK,95009,1990
155583,"2018-01-29 09:34:49",HDFC,745331,1938.7
155584,"2018-01-29 09:34:49",HDFC,743494,1938.7
155585,"2018-01-29 09:34:50",KOTAKBANK,179536,1105.85
155586,"2018-01-29 09:34:50",ITC,962089,281.35
155587,"2018-01-29 09:34:50",IDFCBANK,1162079,58.95
155588,"2018-01-29 09:34:51",IDFCBANK,1175216,58.95
155589,"2018-01-29 09:34:51",ICICIBANK,1062014,358.8
155590,"2018-01-29 09:34:51",HDIL,1686632,59.8
155591,"2018-01-29 09:34:51",SBIN,3088478,315.65
155592,"2018-01-29 09:34:52",AXISBANK,692072,618.1
155593,"2018-01-29 09:34:53",LT,525227,1439.4
155594,"2018-01-29 09:34:54",MARUTI,357419,9562.2
155595,"2018-01-29 09:34:55",HDFC,745331,1938.7
155596,"2018-01-29 09:34:57",RELIANCE,608912,971.5
155597,"2018-01-29 09:34:58",HDFCBANK,95173,1990
155598,"2018-01-29 09:34:58",JINDALSTEL,1952209,275.9
155599,"2018-01-29 09:34:59",RELIANCE,611849,971.45
155600,"2018-01-29 09:34:59",ICICIBANK,1073621,358.9
155601,"2018-01-29 09:35:00",AXISBANK,694847,618.2
155602,"2018-01-29 09:35:00",ITC,966906,281.45
155603,"2018-01-29 09:35:00",LT,529565,1440.35
155604,"2018-01-29 09:35:00",TATASTEEL,762369,790.5
155605,"2018-01-29 09:35:00",HDFC,746748,1939.1
155606,"2018-01-29 09:35:00",MARUTI,358717,9561.05
155607,"2018-01-29 09:35:01",IDFCBANK,1225886,58.95
155608,"2018-01-29 09:35:02",HDFCBANK,95426,1989.5
155609,"2018-01-29 09:35:03",HDIL,1702543,59.8
155610,"2018-01-29 09:35:05",JINDALSTEL,1965978,276.35
155611,"2018-01-29 09:35:05",INFY,462481,1167.45
155612,"2018-01-29 09:35:07",KOTAKBANK,182019,1106.85
155613,"2018-01-29 09:35:08",AXISBANK,696330,618.35
155614,"2018-01-29 09:35:08",RELIANCE,615800,971.1
155615,"2018-01-29 09:35:09",KOTAKBANK,182927,1107.35
155616,"2018-01-29 09:35:09",MARUTI,358984,9564.1
155617,"2018-01-29 09:35:09",ICICIBANK,1077128,358.9
155618,"2018-01-29 09:35:09",JINDALSTEL,1976385,276.3
155619,"2018-01-29 09:35:10",SBIN,3157656,316.15
155620,"2018-01-29 09:35:10",TATASTEEL,785208,790.45
155621,"2018-01-29 09:35:10",HDFCBANK,96176,1989.5
155622,"2018-01-29 09:35:10",IDFCBANK,1238542,59.1
155623,"2018-01-29 09:35:11",INFY,463768,1167.45
155624,"2018-01-29 09:35:12",LT,531077,1440.45
155625,"2018-01-29 09:35:13",HDFC,752134,1939.2
155626,"2018-01-29 09:35:15",HDIL,1705904,59.8
155627,"2018-01-29 09:35:17",MARUTI,360039,9563
155628,"2018-01-29 09:35:17",LT,534945,1440.75
