id,curr_time,symbol,volume,price
155054,"2018-03-05 09:14:59",BHARTIARTL,0,427.75
155055,"2018-03-05 09:14:59",BIOCON,0,626.85
155056,"2018-03-05 09:14:59",INFY,0,1160.75
155057,"2018-03-05 09:14:59",MARUTI,0,8873.45
155058,"2018-03-05 09:14:59",RELCAPITAL,0,458.15
155059,"2018-03-05 09:14:59",RELIANCE,0,948.4
155060,"2018-03-05 09:14:59",TATAMOTORS,0,370.75
155061,"2018-03-05 09:14:59",TATASTEEL,0,675.05
155062,"2018-03-05 09:14:59",TCS,0,3037.7
155063,"2018-03-05 09:14:59",VEDL,0,323.25
154919,"2018-03-05 09:15:37",BHARTIARTL,64791,424.75
154920,"2018-03-05 09:15:37",BIOCON,21950,625.25
154914,"2018-03-05 09:15:37",INFY,94051,1162.4
154921,"2018-03-05 09:15:37",MARUTI,10247,8830.15
154915,"2018-03-05 09:15:37",RELCAPITAL,27766,454.4
154916,"2018-03-05 09:15:37",RELIANCE,184882,948.95
154917,"2018-03-05 09:15:37",TATAMOTORS,116429,364.6
154922,"2018-03-05 09:15:37",TATASTEEL,140736,665
154913,"2018-03-05 09:15:37",TCS,49288,3052.2
154918,"2018-03-05 09:15:37",VEDL,171514,316.7
154930,"2018-03-05 09:15:38",BHARTIARTL,66161,424.9
154927,"2018-03-05 09:15:38",BIOCON,22450,625.1
154923,"2018-03-05 09:15:38",INFY,95002,1162.35
154924,"2018-03-05 09:15:38",RELCAPITAL,28397,454.65
154925,"2018-03-05 09:15:38",RELIANCE,185671,949.05
154928,"2018-03-05 09:15:38",TATASTEEL,141513,665.1
154926,"2018-03-05 09:15:38",TCS,49450,3053.2
154929,"2018-03-05 09:15:38",VEDL,174573,316.6
154937,"2018-03-05 09:15:39",INFY,96684,1162.45
154933,"2018-03-05 09:15:39",MARUTI,10485,8829.85
154934,"2018-03-05 09:15:39",MARUTI,10527,8828.35
154931,"2018-03-05 09:15:39",RELCAPITAL,29259,454.75
154932,"2018-03-05 09:15:39",TATAMOTORS,119260,364.7
154935,"2018-03-05 09:15:39",TATASTEEL,147049,665
154936,"2018-03-05 09:15:39",VEDL,175733,316.75
154946,"2018-03-05 09:15:40",BHARTIARTL,66313,425.05
154947,"2018-03-05 09:15:40",BIOCON,22502,625.6
154941,"2018-03-05 09:15:40",INFY,100218,1162.3
154948,"2018-03-05 09:15:40",MARUTI,10534,8829.85
154942,"2018-03-05 09:15:40",RELCAPITAL,29744,454.75
154939,"2018-03-05 09:15:40",RELIANCE,186041,949.1
154943,"2018-03-05 09:15:40",RELIANCE,186556,949.1
154940,"2018-03-05 09:15:40",TATAMOTORS,120138,364.6
154944,"2018-03-05 09:15:40",TATAMOTORS,123537,364.65
154938,"2018-03-05 09:15:40",TATASTEEL,150558,664.85
154945,"2018-03-05 09:15:40",TCS,49604,3053
154949,"2018-03-05 09:15:40",VEDL,177861,317.05
154951,"2018-03-05 09:15:41",BHARTIARTL,66340,425.25
154952,"2018-03-05 09:15:41",BIOCON,23452,626
154955,"2018-03-05 09:15:41",INFY,102117,1162.65
154953,"2018-03-05 09:15:41",MARUTI,10617,8828.35
154956,"2018-03-05 09:15:41",RELCAPITAL,29844,454.75
154954,"2018-03-05 09:15:41",TATASTEEL,158104,665.05
154957,"2018-03-05 09:15:41",TCS,49663,3052.15
154950,"2018-03-05 09:15:41",VEDL,178761,316.7
154962,"2018-03-05 09:15:42",BHARTIARTL,70057,423.95
154958,"2018-03-05 09:15:42",BIOCON,24317,625.2
154963,"2018-03-05 09:15:42",MARUTI,10943,8827.9
154960,"2018-03-05 09:15:42",RELIANCE,201643,949.05
154965,"2018-03-05 09:15:42",RELIANCE,201854,949.45
154961,"2018-03-05 09:15:42",TATAMOTORS,125152,364.65
154964,"2018-03-05 09:15:42",TATASTEEL,158706,664.6
154966,"2018-03-05 09:15:42",TCS,50779,3040.15
154959,"2018-03-05 09:15:42",VEDL,179761,316.8
154972,"2018-03-05 09:15:43",BHARTIARTL,70158,424.4
154973,"2018-03-05 09:15:43",BIOCON,24547,625.2
154967,"2018-03-05 09:15:43",INFY,106198,1157.15
154974,"2018-03-05 09:15:43",MARUTI,11370,8821.4
154968,"2018-03-05 09:15:43",RELCAPITAL,31455,454.75
154969,"2018-03-05 09:15:43",TATAMOTORS,125499,364.5
154975,"2018-03-05 09:15:43",TATASTEEL,159817,665.05
154970,"2018-03-05 09:15:43",TCS,51064,3040.45
154971,"2018-03-05 09:15:43",VEDL,183367,316.9
154980,"2018-03-05 09:15:44",BHARTIARTL,70885,424.4
154979,"2018-03-05 09:15:44",INFY,112523,1159.85
154981,"2018-03-05 09:15:44",MARUTI,11473,8820.4
154982,"2018-03-05 09:15:44",RELCAPITAL,33611,454.75
154977,"2018-03-05 09:15:44",RELIANCE,206950,949.05
154983,"2018-03-05 09:15:44",TATAMOTORS,128209,364.5
154978,"2018-03-05 09:15:44",TCS,51272,3040
154976,"2018-03-05 09:15:44",VEDL,186271,317.4
154986,"2018-03-05 09:15:45",BIOCON,24680,625.7
154989,"2018-03-05 09:15:45",MARUTI,11580,8815.15
154988,"2018-03-05 09:15:45",RELCAPITAL,34554,454.65
154984,"2018-03-05 09:15:45",RELIANCE,210706,949.55
154985,"2018-03-05 09:15:45",TATAMOTORS,128755,364.5
154987,"2018-03-05 09:15:45",TCS,51719,3041.55
154990,"2018-03-05 09:15:45",VEDL,187229,317.45
154993,"2018-03-05 09:15:46",BHARTIARTL,71115,424.65
154997,"2018-03-05 09:15:46",INFY,116910,1161.05
155000,"2018-03-05 09:15:46",MARUTI,11658,8818.25
154998,"2018-03-05 09:15:46",RELCAPITAL,35459,454.5
154991,"2018-03-05 09:15:46",RELIANCE,212318,949.35
154992,"2018-03-05 09:15:46",TATAMOTORS,129784,364.55
154999,"2018-03-05 09:15:46",TATAMOTORS,130497,364.55
154994,"2018-03-05 09:15:46",TATASTEEL,165027,664.1
154996,"2018-03-05 09:15:46",TCS,52399,3041.55
154995,"2018-03-05 09:15:46",VEDL,188254,317.65
155006,"2018-03-05 09:15:47",INFY,117346,1161.25
155002,"2018-03-05 09:15:47",MARUTI,11729,8818.25
155004,"2018-03-05 09:15:47",RELIANCE,215687,949.35
155003,"2018-03-05 09:15:47",TATASTEEL,165527,664
155005,"2018-03-05 09:15:47",TCS,52437,3041.2
155001,"2018-03-05 09:15:47",VEDL,188838,317.55
155010,"2018-03-05 09:15:48",BHARTIARTL,72358,424.4
155015,"2018-03-05 09:15:48",BIOCON,25042,626.05
155007,"2018-03-05 09:15:48",INFY,119284,1161.05
155016,"2018-03-05 09:15:48",MARUTI,11919,8817.9
155008,"2018-03-05 09:15:48",RELCAPITAL,35469,454.85
155013,"2018-03-05 09:15:48",RELIANCE,217868,949.7
155009,"2018-03-05 09:15:48",TATAMOTORS,132202,364.55
155011,"2018-03-05 09:15:48",TATASTEEL,166884,664.45
155014,"2018-03-05 09:15:48",TCS,52457,3041.2
155012,"2018-03-05 09:15:48",VEDL,189128,317.9
155017,"2018-03-05 09:15:49",INFY,123824,1161.15
155018,"2018-03-05 09:15:49",RELCAPITAL,35869,454.7
155019,"2018-03-05 09:15:49",TATAMOTORS,136363,364.55
155021,"2018-03-05 09:15:49",TATASTEEL,168456,664.8
155022,"2018-03-05 09:15:49",TCS,52472,3041.75
155020,"2018-03-05 09:15:49",VEDL,189715,317.95
155026,"2018-03-05 09:15:50",BIOCON,25142,625.7
155029,"2018-03-05 09:15:50",INFY,126136,1161.8
155027,"2018-03-05 09:15:50",MARUTI,12377,8817.95
155024,"2018-03-05 09:15:50",RELCAPITAL,35922,454.5
155030,"2018-03-05 09:15:50",RELCAPITAL,36347,454.7
155023,"2018-03-05 09:15:50",TATAMOTORS,137931,364.6
155028,"2018-03-05 09:15:50",TATASTEEL,170604,664.8
155025,"2018-03-05 09:15:50",VEDL,191713,317.95
155033,"2018-03-05 09:15:51",INFY,127002,1161.7
155035,"2018-03-05 09:15:51",MARUTI,12602,8817.65
155031,"2018-03-05 09:15:51",RELIANCE,231063,949.7
155034,"2018-03-05 09:15:51",RELIANCE,233613,949.9
155032,"2018-03-05 09:15:51",TATAMOTORS,138051,364.6
155036,"2018-03-05 09:15:51",TATASTEEL,171382,665.05
155037,"2018-03-05 09:15:51",VEDL,192496,318.15
155042,"2018-03-05 09:15:52",BIOCON,27468,626.6
155045,"2018-03-05 09:15:52",INFY,129278,1161.8
155038,"2018-03-05 09:15:52",RELCAPITAL,39058,454.7
155046,"2018-03-05 09:15:52",RELIANCE,235192,949.75
155039,"2018-03-05 09:15:52",TATAMOTORS,138501,364.6
155041,"2018-03-05 09:15:52",TATASTEEL,171498,665.05
155043,"2018-03-05 09:15:52",TATASTEEL,172437,665.25
155040,"2018-03-05 09:15:52",TCS,52673,3042.25
155044,"2018-03-05 09:15:52",VEDL,193611,318.1
155047,"2018-03-05 09:15:53",BHARTIARTL,72655,424.75
155050,"2018-03-05 09:15:53",BIOCON,27568,626.75
155048,"2018-03-05 09:15:53",RELCAPITAL,39109,454.95
155052,"2018-03-05 09:15:53",RELIANCE,239602,949.7
155053,"2018-03-05 09:15:53",TATAMOTORS,142322,364.6
155049,"2018-03-05 09:15:53",TCS,52724,3044.15
155051,"2018-03-05 09:15:53",VEDL,194497,318.4
155071,"2018-03-05 09:15:54",BHARTIARTL,72745,425
155072,"2018-03-05 09:15:54",BIOCON,28068,627
155076,"2018-03-05 09:15:54",INFY,130558,1162.05
155073,"2018-03-05 09:15:54",MARUTI,12931,8816.15
155069,"2018-03-05 09:15:54",RELCAPITAL,39289,454.85
155077,"2018-03-05 09:15:54",TATAMOTORS,142846,364.5
155074,"2018-03-05 09:15:54",TATASTEEL,173513,665
155070,"2018-03-05 09:15:54",TCS,52942,3042.7
155075,"2018-03-05 09:15:54",VEDL,197956,318.35
155078,"2018-03-05 09:15:55",BHARTIARTL,72867,425
155084,"2018-03-05 09:15:55",BIOCON,28168,626.55
155085,"2018-03-05 09:15:55",INFY,131626,1162.65
155079,"2018-03-05 09:15:55",MARUTI,13069,8816.15
155082,"2018-03-05 09:15:55",RELIANCE,248490,949.75
155080,"2018-03-05 09:15:55",TATASTEEL,174581,665.25
155083,"2018-03-05 09:15:55",TCS,53101,3042.35
155081,"2018-03-05 09:15:55",VEDL,200574,318.6
155087,"2018-03-05 09:15:56",BHARTIARTL,73868,424.65
155092,"2018-03-05 09:15:56",INFY,133086,1162.4
155088,"2018-03-05 09:15:56",MARUTI,13162,8817.6
155091,"2018-03-05 09:15:56",RELCAPITAL,39589,455
155086,"2018-03-05 09:15:56",RELIANCE,250322,949.7
155089,"2018-03-05 09:15:56",TATASTEEL,176333,665.5
155090,"2018-03-05 09:15:56",VEDL,201274,318.5
155095,"2018-03-05 09:15:57",MARUTI,13273,8813
155098,"2018-03-05 09:15:57",MARUTI,13283,8813.3
155099,"2018-03-05 09:15:57",RELCAPITAL,39779,454.8
155093,"2018-03-05 09:15:57",RELIANCE,252333,949.75
155094,"2018-03-05 09:15:57",TATAMOTORS,144178,364.45
155096,"2018-03-05 09:15:57",TATASTEEL,177087,665.6
155100,"2018-03-05 09:15:57",TCS,53121,3043.25
155097,"2018-03-05 09:15:57",VEDL,204968,318.95
155107,"2018-03-05 09:15:58",BHARTIARTL,74068,424.9
155102,"2018-03-05 09:15:58",BIOCON,28273,626.95
155104,"2018-03-05 09:15:58",INFY,133228,1162.7
155108,"2018-03-05 09:15:58",MARUTI,13308,8813.3
155110,"2018-03-05 09:15:58",RELCAPITAL,40068,455
155105,"2018-03-05 09:15:58",RELIANCE,253527,949.7
155111,"2018-03-05 09:15:58",RELIANCE,253652,949.85
155103,"2018-03-05 09:15:58",TATAMOTORS,145024,364.35
155112,"2018-03-05 09:15:58",TATAMOTORS,145339,364.5
155101,"2018-03-05 09:15:58",TATASTEEL,177411,665.5
155109,"2018-03-05 09:15:58",TCS,53221,3042.35
155106,"2018-03-05 09:15:58",VEDL,207118,318.5
155116,"2018-03-05 09:15:59",BHARTIARTL,74358,425.05
155113,"2018-03-05 09:15:59",BIOCON,28423,627.15
155114,"2018-03-05 09:15:59",INFY,134319,1162.65
155117,"2018-03-05 09:15:59",MARUTI,13431,8814.1
155120,"2018-03-05 09:15:59",RELIANCE,254294,949.8
155118,"2018-03-05 09:15:59",TATASTEEL,178084,665.6
155119,"2018-03-05 09:15:59",TCS,53438,3044.35
155115,"2018-03-05 09:15:59",VEDL,209053,318.4
155129,"2018-03-05 09:16:00",BHARTIARTL,75097,425
155124,"2018-03-05 09:16:00",BIOCON,28523,627.1
155126,"2018-03-05 09:16:00",INFY,134926,1162.7
155130,"2018-03-05 09:16:00",MARUTI,13818,8816.6
155122,"2018-03-05 09:16:00",RELCAPITAL,40319,454.85
155127,"2018-03-05 09:16:00",RELIANCE,256876,950
155121,"2018-03-05 09:16:00",TATAMOTORS,145770,364.6
155123,"2018-03-05 09:16:00",TATASTEEL,180452,665.65
155125,"2018-03-05 09:16:00",TCS,53459,3044.7
155128,"2018-03-05 09:16:00",VEDL,210174,318.6
155131,"2018-03-05 09:16:01",BIOCON,28678,627.3
155137,"2018-03-05 09:16:01",INFY,135240,1162.7
155134,"2018-03-05 09:16:01",RELCAPITAL,40594,454.75
155135,"2018-03-05 09:16:01",TATAMOTORS,147052,364.65
155136,"2018-03-05 09:16:01",TATAMOTORS,147377,364.65
155132,"2018-03-05 09:16:01",TATASTEEL,181002,665.65
155133,"2018-03-05 09:16:01",VEDL,210674,318.4
155142,"2018-03-05 09:16:02",BHARTIARTL,75148,425
155138,"2018-03-05 09:16:02",BIOCON,28788,627.2
155144,"2018-03-05 09:16:02",INFY,135274,1162.9
155139,"2018-03-05 09:16:02",MARUTI,14202,8815
155145,"2018-03-05 09:16:02",RELCAPITAL,40619,455
155140,"2018-03-05 09:16:02",RELIANCE,257246,950.15
155146,"2018-03-05 09:16:02",RELIANCE,258205,949.9
155143,"2018-03-05 09:16:02",TATASTEEL,183433,665.65
155141,"2018-03-05 09:16:02",VEDL,212156,318.95
155153,"2018-03-05 09:16:03",BHARTIARTL,77110,425.05
155149,"2018-03-05 09:16:03",BIOCON,28878,627.25
155150,"2018-03-05 09:16:03",MARUTI,14441,8814.45
155147,"2018-03-05 09:16:03",RELCAPITAL,42171,455
155148,"2018-03-05 09:16:03",TATAMOTORS,150158,364.45
155151,"2018-03-05 09:16:03",TATASTEEL,189636,666.1
155154,"2018-03-05 09:16:03",TCS,53588,3045.2
155152,"2018-03-05 09:16:03",VEDL,215512,318.6
155159,"2018-03-05 09:16:04",BIOCON,29028,626.95
155155,"2018-03-05 09:16:04",INFY,135649,1162.95
155160,"2018-03-05 09:16:04",MARUTI,14547,8810
155161,"2018-03-05 09:16:04",MARUTI,14636,8813.9
155156,"2018-03-05 09:16:04",RELCAPITAL,42592,455.25
155157,"2018-03-05 09:16:04",RELIANCE,261655,949.5
155158,"2018-03-05 09:16:04",TATAMOTORS,151460,364.5
155162,"2018-03-05 09:16:04",TATASTEEL,191097,666.05
155163,"2018-03-05 09:16:04",VEDL,216183,318.55
155166,"2018-03-05 09:16:05",BHARTIARTL,80839,425.6
155165,"2018-03-05 09:16:05",INFY,136528,1163.25
155167,"2018-03-05 09:16:05",MARUTI,14754,8812.55
155169,"2018-03-05 09:16:05",RELIANCE,263538,948.8
155164,"2018-03-05 09:16:05",TATAMOTORS,151690,364.5
155168,"2018-03-05 09:16:05",TATASTEEL,192664,665.8
155170,"2018-03-05 09:16:06",BIOCON,29348,627.1
155177,"2018-03-05 09:16:06",INFY,136877,1163.2
155175,"2018-03-05 09:16:06",MARUTI,14949,8813.6
155172,"2018-03-05 09:16:06",RELCAPITAL,42892,455.2
155178,"2018-03-05 09:16:06",RELIANCE,265110,948.45
155173,"2018-03-05 09:16:06",TATAMOTORS,153792,364.5
155176,"2018-03-05 09:16:06",TATASTEEL,196163,665.65
155174,"2018-03-05 09:16:06",TCS,53702,3044.25
155171,"2018-03-05 09:16:06",VEDL,216744,318.55
155183,"2018-03-05 09:16:07",BHARTIARTL,81615,425.45
155184,"2018-03-05 09:16:07",BIOCON,29884,627.9
155188,"2018-03-05 09:16:07",INFY,138686,1164
155186,"2018-03-05 09:16:07",MARUTI,14959,8813
155180,"2018-03-05 09:16:07",RELCAPITAL,43092,455.2
155189,"2018-03-05 09:16:07",RELIANCE,267377,948
155181,"2018-03-05 09:16:07",TATAMOTORS,155282,364.5
155185,"2018-03-05 09:16:07",TATASTEEL,196688,665.55
155187,"2018-03-05 09:16:07",TATASTEEL,197836,665.5
155179,"2018-03-05 09:16:07",TCS,53726,3045.45
155182,"2018-03-05 09:16:07",VEDL,218352,318.4
155191,"2018-03-05 09:16:08",BHARTIARTL,81767,425.9
155197,"2018-03-05 09:16:08",BIOCON,30350,627.05
155194,"2018-03-05 09:16:08",INFY,140186,1163.55
155193,"2018-03-05 09:16:08",RELCAPITAL,43152,455
155195,"2018-03-05 09:16:08",RELIANCE,267644,947.8
155196,"2018-03-05 09:16:08",TATAMOTORS,155672,364.5
155192,"2018-03-05 09:16:08",TCS,53829,3045.5
155190,"2018-03-05 09:16:08",VEDL,219560,318.5
155198,"2018-03-05 09:16:09",INFY,141437,1163.4
155200,"2018-03-05 09:16:09",MARUTI,15044,8813.85
155199,"2018-03-05 09:16:09",RELCAPITAL,43807,455.05
155203,"2018-03-05 09:16:09",TATAMOTORS,157737,364.55
155201,"2018-03-05 09:16:09",TATASTEEL,198402,665.7
155202,"2018-03-05 09:16:09",VEDL,220765,318.4
155207,"2018-03-05 09:16:10",BHARTIARTL,91011,425.05
155208,"2018-03-05 09:16:10",BIOCON,30619,627.3
155205,"2018-03-05 09:16:10",INFY,144354,1163.2
155209,"2018-03-05 09:16:10",MARUTI,15089,8813.8
155206,"2018-03-05 09:16:10",RELIANCE,272475,946.7
155210,"2018-03-05 09:16:10",TATASTEEL,204665,665.5
155204,"2018-03-05 09:16:10",TCS,53849,3045.5
155211,"2018-03-05 09:16:11",BHARTIARTL,91998,425.05
155215,"2018-03-05 09:16:11",BIOCON,31119,627
155217,"2018-03-05 09:16:11",INFY,145207,1163.4
155212,"2018-03-05 09:16:11",MARUTI,15179,8811.5
155218,"2018-03-05 09:16:11",RELCAPITAL,45219,455.1
155219,"2018-03-05 09:16:11",TATAMOTORS,159528,364.3
155213,"2018-03-05 09:16:11",TATASTEEL,208121,665.7
155214,"2018-03-05 09:16:11",VEDL,221529,318.35
155216,"2018-03-05 09:16:11",VEDL,223137,318.25
155221,"2018-03-05 09:16:12",BHARTIARTL,92284,425.05
155226,"2018-03-05 09:16:12",INFY,146836,1163.4
155222,"2018-03-05 09:16:12",MARUTI,15218,8811.5
155227,"2018-03-05 09:16:12",RELCAPITAL,45769,455.4
155220,"2018-03-05 09:16:12",RELIANCE,274296,946.35
155225,"2018-03-05 09:16:12",TATAMOTORS,161356,364.4
155223,"2018-03-05 09:16:12",TATASTEEL,209490,665.5
155224,"2018-03-05 09:16:12",VEDL,224236,318.4
155228,"2018-03-05 09:16:13",BIOCON,31845,627.5
155233,"2018-03-05 09:16:13",INFY,147143,1163.4
155229,"2018-03-05 09:16:13",MARUTI,15412,8813.3
155236,"2018-03-05 09:16:13",MARUTI,15452,8813.6
155232,"2018-03-05 09:16:13",RELIANCE,274807,946.65
155234,"2018-03-05 09:16:13",TATAMOTORS,161881,364.35
155230,"2018-03-05 09:16:13",TATASTEEL,211617,665.5
155235,"2018-03-05 09:16:13",TCS,53894,3045.75
155231,"2018-03-05 09:16:13",VEDL,225426,318.45
155237,"2018-03-05 09:16:14",BHARTIARTL,92376,425.05
155238,"2018-03-05 09:16:14",BIOCON,32585,627.65
155243,"2018-03-05 09:16:14",MARUTI,15544,8813.55
155239,"2018-03-05 09:16:14",RELCAPITAL,45869,455.1
155242,"2018-03-05 09:16:14",RELCAPITAL,45929,455.1
155240,"2018-03-05 09:16:14",RELIANCE,275097,946.55
155244,"2018-03-05 09:16:14",TATASTEEL,212536,665.2
155241,"2018-03-05 09:16:14",TCS,53972,3046.4
155245,"2018-03-05 09:16:14",VEDL,226209,318.2
155247,"2018-03-05 09:16:15",INFY,147865,1163.45
155249,"2018-03-05 09:16:15",MARUTI,15680,8811.25
155248,"2018-03-05 09:16:15",RELCAPITAL,46630,454.85
155246,"2018-03-05 09:16:15",TATAMOTORS,163844,364.45
155250,"2018-03-05 09:16:15",TATASTEEL,212782,665.2
155251,"2018-03-05 09:16:15",VEDL,229704,317.75
155252,"2018-03-05 09:16:16",BHARTIARTL,92401,425.05
155253,"2018-03-05 09:16:16",BIOCON,33288,628.5
155254,"2018-03-05 09:16:16",INFY,149063,1163.4
155259,"2018-03-05 09:16:16",MARUTI,15836,8813.55
155256,"2018-03-05 09:16:16",RELCAPITAL,46665,454.95
155255,"2018-03-05 09:16:16",TATAMOTORS,163954,364.4
155257,"2018-03-05 09:16:16",TATASTEEL,215695,665.45
155258,"2018-03-05 09:16:16",VEDL,232432,318.05
155263,"2018-03-05 09:16:17",BHARTIARTL,92780,425.45
155260,"2018-03-05 09:16:17",INFY,150968,1163.7
155264,"2018-03-05 09:16:17",MARUTI,15865,8811.55
155261,"2018-03-05 09:16:17",RELIANCE,275262,946.6
155262,"2018-03-05 09:16:17",TATAMOTORS,167030,364.45
155265,"2018-03-05 09:16:17",TATASTEEL,232163,665.35
155266,"2018-03-05 09:16:17",VEDL,232558,317.95
155267,"2018-03-05 09:16:18",BHARTIARTL,92992,425.35
155268,"2018-03-05 09:16:18",BIOCON,33338,627.8
155270,"2018-03-05 09:16:18",INFY,152080,1163.9
155275,"2018-03-05 09:16:18",MARUTI,16004,8813
155271,"2018-03-05 09:16:18",RELCAPITAL,46716,455.25
155272,"2018-03-05 09:16:18",RELIANCE,275812,946.55
155269,"2018-03-05 09:16:18",TATAMOTORS,167596,364.45
155273,"2018-03-05 09:16:18",TATASTEEL,242488,665.35
155274,"2018-03-05 09:16:18",VEDL,234469,318.1
155278,"2018-03-05 09:16:19",BHARTIARTL,93628,425.1
155279,"2018-03-05 09:16:19",BIOCON,33477,627.5
155283,"2018-03-05 09:16:19",INFY,154329,1163.35
155284,"2018-03-05 09:16:19",MARUTI,16033,8811.05
155282,"2018-03-05 09:16:19",RELCAPITAL,46776,455.05
155280,"2018-03-05 09:16:19",TATAMOTORS,167971,364.45
155276,"2018-03-05 09:16:19",TATASTEEL,244173,665.45
155285,"2018-03-05 09:16:19",TATASTEEL,244979,665.45
155281,"2018-03-05 09:16:19",TCS,54049,3047.85
155277,"2018-03-05 09:16:19",VEDL,235489,318.15
155286,"2018-03-05 09:16:19",VEDL,238418,317.9
155287,"2018-03-05 09:16:20",BHARTIARTL,93752,425.4
155288,"2018-03-05 09:16:20",BIOCON,33598,627.35
155289,"2018-03-05 09:16:20",INFY,155382,1163.85
155290,"2018-03-05 09:16:20",RELCAPITAL,46916,455.05
155291,"2018-03-05 09:16:20",TATAMOTORS,170216,364.4
155296,"2018-03-05 09:16:21",BIOCON,33848,627.85
155292,"2018-03-05 09:16:21",MARUTI,16117,8813
155297,"2018-03-05 09:16:21",TATAMOTORS,170499,364.5
155293,"2018-03-05 09:16:21",TATASTEEL,245243,665.5
155295,"2018-03-05 09:16:21",TCS,54274,3046.75
155294,"2018-03-05 09:16:21",VEDL,244365,318.15
155303,"2018-03-05 09:16:22",BHARTIARTL,93777,425.35
155306,"2018-03-05 09:16:22",BIOCON,34548,627.95
155299,"2018-03-05 09:16:22",INFY,155651,1163.85
155304,"2018-03-05 09:16:22",MARUTI,16272,8813
155309,"2018-03-05 09:16:22",RELCAPITAL,48191,455.4
155300,"2018-03-05 09:16:22",RELIANCE,276872,946.5
155298,"2018-03-05 09:16:22",TATAMOTORS,170680,364.4
155307,"2018-03-05 09:16:22",TATAMOTORS,170780,364.5
155301,"2018-03-05 09:16:22",TATASTEEL,248979,665.5
155308,"2018-03-05 09:16:22",TCS,55195,3048.4
155302,"2018-03-05 09:16:22",VEDL,244515,317.9
155305,"2018-03-05 09:16:22",VEDL,245025,318
155315,"2018-03-05 09:16:23",BIOCON,34793,627.75
155312,"2018-03-05 09:16:23",INFY,156394,1164.1
155310,"2018-03-05 09:16:23",MARUTI,16428,8813
155313,"2018-03-05 09:16:23",RELCAPITAL,48672,455.1
155311,"2018-03-05 09:16:23",RELIANCE,279777,946.6
155314,"2018-03-05 09:16:23",TATASTEEL,251015,665.9
155320,"2018-03-05 09:16:24",INFY,157661,1164.25
155322,"2018-03-05 09:16:24",MARUTI,16475,8813.55
155317,"2018-03-05 09:16:24",RELIANCE,280610,946.6
155318,"2018-03-05 09:16:24",TATAMOTORS,171766,364.55
155321,"2018-03-05 09:16:24",TATASTEEL,252821,666
155319,"2018-03-05 09:16:24",TCS,55310,3046.05
155316,"2018-03-05 09:16:24",VEDL,245625,318
155326,"2018-03-05 09:16:25",BHARTIARTL,94129,425.45
155327,"2018-03-05 09:16:25",BIOCON,35133,627.8
155330,"2018-03-05 09:16:25",BIOCON,35502,628.5
155331,"2018-03-05 09:16:25",MARUTI,16640,8813.55
155323,"2018-03-05 09:16:25",RELCAPITAL,49091,455.5
155324,"2018-03-05 09:16:25",RELIANCE,281197,946.6
155329,"2018-03-05 09:16:25",RELIANCE,281368,946.55
155325,"2018-03-05 09:16:25",TATAMOTORS,172232,364.75
155332,"2018-03-05 09:16:25",TATASTEEL,254140,666.1
155328,"2018-03-05 09:16:25",VEDL,250628,318
155338,"2018-03-05 09:16:26",BIOCON,35752,628.6
155334,"2018-03-05 09:16:26",INFY,158410,1163.95
155335,"2018-03-05 09:16:26",RELCAPITAL,49123,455.35
155336,"2018-03-05 09:16:26",RELIANCE,282039,946.6
155337,"2018-03-05 09:16:26",TATAMOTORS,172834,364.85
155339,"2018-03-05 09:16:26",TATASTEEL,256934,665.5
155333,"2018-03-05 09:16:26",VEDL,255328,318.05
155342,"2018-03-05 09:16:27",INFY,160100,1164.35
155340,"2018-03-05 09:16:27",MARUTI,16743,8813.6
155343,"2018-03-05 09:16:27",RELCAPITAL,49216,455.5
155344,"2018-03-05 09:16:27",TATAMOTORS,172960,364.85
155341,"2018-03-05 09:16:27",TATASTEEL,258864,665.5
155345,"2018-03-05 09:16:27",TCS,55620,3047.15
155352,"2018-03-05 09:16:28",BHARTIARTL,95129,425.15
155356,"2018-03-05 09:16:28",BIOCON,42429,628.95
155353,"2018-03-05 09:16:28",INFY,161534,1164
155349,"2018-03-05 09:16:28",MARUTI,16827,8813.6
155348,"2018-03-05 09:16:28",RELCAPITAL,49566,455.5
155354,"2018-03-05 09:16:28",RELCAPITAL,53542,455.75
155346,"2018-03-05 09:16:28",RELIANCE,283047,946.6
155355,"2018-03-05 09:16:28",TATAMOTORS,173460,364.85
155350,"2018-03-05 09:16:28",TATASTEEL,260382,665.05
155347,"2018-03-05 09:16:28",TCS,55661,3046.1
155351,"2018-03-05 09:16:28",VEDL,255678,318.1
155358,"2018-03-05 09:16:29",BHARTIARTL,96445,425.2
155364,"2018-03-05 09:16:29",BHARTIARTL,96635,425.2
155360,"2018-03-05 09:16:29",INFY,161944,1163.95
155359,"2018-03-05 09:16:29",MARUTI,17513,8813.55
155361,"2018-03-05 09:16:29",RELCAPITAL,53916,455.35
155362,"2018-03-05 09:16:29",TATAMOTORS,174661,364.85
155357,"2018-03-05 09:16:29",TATASTEEL,262325,665.4
155363,"2018-03-05 09:16:29",TCS,55687,3046
155365,"2018-03-05 09:16:29",VEDL,256892,318.2
155368,"2018-03-05 09:16:30",BHARTIARTL,96673,425.2
155369,"2018-03-05 09:16:30",BIOCON,42671,628.95
155370,"2018-03-05 09:16:30",MARUTI,17540,8813.6
155374,"2018-03-05 09:16:30",RELCAPITAL,54191,455.65
155366,"2018-03-05 09:16:30",RELIANCE,283844,946.55
155373,"2018-03-05 09:16:30",TATAMOTORS,176864,364.9
155371,"2018-03-05 09:16:30",TATASTEEL,262966,665.5
155367,"2018-03-05 09:16:30",TCS,56429,3045.65
155372,"2018-03-05 09:16:30",VEDL,257042,318.2
155376,"2018-03-05 09:16:31",BIOCON,43101,628.95
155380,"2018-03-05 09:16:31",INFY,162145,1163.9
155377,"2018-03-05 09:16:31",MARUTI,17659,8813.7
155382,"2018-03-05 09:16:31",RELCAPITAL,54261,455.75
155381,"2018-03-05 09:16:31",RELIANCE,285074,946.55
155383,"2018-03-05 09:16:31",TATAMOTORS,177612,364.95
155378,"2018-03-05 09:16:31",TATASTEEL,263232,665.15
155379,"2018-03-05 09:16:31",TCS,56472,3046.1
155375,"2018-03-05 09:16:31",VEDL,259792,318.25
155384,"2018-03-05 09:16:32",BHARTIARTL,97373,425.1
155385,"2018-03-05 09:16:32",BIOCON,43803,628.9
155390,"2018-03-05 09:16:32",BIOCON,43903,629.4
155386,"2018-03-05 09:16:32",INFY,162657,1163.7
155387,"2018-03-05 09:16:32",MARUTI,18273,8810
155392,"2018-03-05 09:16:32",RELCAPITAL,54811,455.65
155388,"2018-03-05 09:16:32",TATASTEEL,264684,665.25
155391,"2018-03-05 09:16:32",TCS,56497,3046.05
155389,"2018-03-05 09:16:32",VEDL,260046,318.2
155396,"2018-03-05 09:16:33",BHARTIARTL,97580,425.1
155393,"2018-03-05 09:16:33",INFY,163024,1163.7
155399,"2018-03-05 09:16:33",MARUTI,18358,8813.65
155394,"2018-03-05 09:16:33",RELIANCE,292104,946.1
155398,"2018-03-05 09:16:33",RELIANCE,293460,946
155395,"2018-03-05 09:16:33",TATAMOTORS,179597,364.85
155397,"2018-03-05 09:16:33",TATASTEEL,269888,665.65
155400,"2018-03-05 09:16:33",VEDL,281617,318.45
155402,"2018-03-05 09:16:34",BHARTIARTL,98781,425.15
155403,"2018-03-05 09:16:34",BIOCON,43928,629.45
155408,"2018-03-05 09:16:34",INFY,163389,1163.9
155406,"2018-03-05 09:16:34",MARUTI,18364,8813.65
155405,"2018-03-05 09:16:34",RELCAPITAL,54961,455.4
155409,"2018-03-05 09:16:34",RELIANCE,294941,945.85
155404,"2018-03-05 09:16:34",TATAMOTORS,180900,365.05
155407,"2018-03-05 09:16:34",TATASTEEL,270792,665.5
155401,"2018-03-05 09:16:34",VEDL,281878,318.5
155417,"2018-03-05 09:16:35",BHARTIARTL,100267,425.1
155410,"2018-03-05 09:16:35",BIOCON,44434,629.65
155418,"2018-03-05 09:16:35",BIOCON,44484,629.9
155414,"2018-03-05 09:16:35",INFY,163761,1163.9
155411,"2018-03-05 09:16:35",RELCAPITAL,55439,455.8
155413,"2018-03-05 09:16:35",RELIANCE,296589,945.8
155412,"2018-03-05 09:16:35",TATAMOTORS,181187,365.1
155415,"2018-03-05 09:16:35",TATASTEEL,271278,665.5
155416,"2018-03-05 09:16:35",VEDL,285265,318.25
155423,"2018-03-05 09:16:36",BHARTIARTL,102681,424.8
155419,"2018-03-05 09:16:36",MARUTI,18456,8813.65
155420,"2018-03-05 09:16:36",RELCAPITAL,56039,455.65
155424,"2018-03-05 09:16:36",RELCAPITAL,56354,455.5
155421,"2018-03-05 09:16:36",TATASTEEL,272034,666
155422,"2018-03-05 09:16:36",VEDL,286285,318.25
155432,"2018-03-05 09:16:37",BHARTIARTL,105007,424.75
155428,"2018-03-05 09:16:37",INFY,164269,1163.9
155425,"2018-03-05 09:16:37",MARUTI,18540,8813.65
155433,"2018-03-05 09:16:37",RELCAPITAL,56504,455.2
155429,"2018-03-05 09:16:37",RELIANCE,296964,945.5
155426,"2018-03-05 09:16:37",TATAMOTORS,182974,365
155430,"2018-03-05 09:16:37",TATASTEEL,276476,665.5
155427,"2018-03-05 09:16:37",TCS,56598,3045.9
155431,"2018-03-05 09:16:37",VEDL,289158,318.3
155436,"2018-03-05 09:16:38",BIOCON,46582,630
155438,"2018-03-05 09:16:38",BIOCON,46757,629.85
155440,"2018-03-05 09:16:38",INFY,165491,1164
155437,"2018-03-05 09:16:38",MARUTI,18595,8813.65
155441,"2018-03-05 09:16:38",RELCAPITAL,57234,455.5
155435,"2018-03-05 09:16:38",RELIANCE,297244,945.6
155442,"2018-03-05 09:16:38",TATAMOTORS,183370,365.2
155434,"2018-03-05 09:16:38",TCS,57481,3046
155439,"2018-03-05 09:16:38",VEDL,293760,317.95
155450,"2018-03-05 09:16:39",INFY,165795,1164
155443,"2018-03-05 09:16:39",MARUTI,18780,8813.7
155447,"2018-03-05 09:16:39",MARUTI,18885,8813.65
155451,"2018-03-05 09:16:39",RELCAPITAL,57710,455.35
155445,"2018-03-05 09:16:39",RELIANCE,298761,945.3
155448,"2018-03-05 09:16:39",TATAMOTORS,183680,365.25
155444,"2018-03-05 09:16:39",TATASTEEL,280405,665.1
155449,"2018-03-05 09:16:39",TCS,57606,3046.75
155446,"2018-03-05 09:16:39",VEDL,293877,317.95
155455,"2018-03-05 09:16:40",BIOCON,47204,629.9
155457,"2018-03-05 09:16:40",BIOCON,48304,630.5
155458,"2018-03-05 09:16:40",INFY,166263,1164
155453,"2018-03-05 09:16:40",RELIANCE,299176,945.25
155454,"2018-03-05 09:16:40",TATASTEEL,281890,665.4
155452,"2018-03-05 09:16:40",TCS,57688,3046
155456,"2018-03-05 09:16:40",VEDL,298597,318.15
155462,"2018-03-05 09:16:41",BIOCON,48410,630
155460,"2018-03-05 09:16:41",INFY,166391,1163.95
155463,"2018-03-05 09:16:41",MARUTI,19095,8813.7
155461,"2018-03-05 09:16:41",RELCAPITAL,58193,455.45
155465,"2018-03-05 09:16:41",RELIANCE,302103,945.15
155459,"2018-03-05 09:16:41",TATAMOTORS,183836,365.35
155464,"2018-03-05 09:16:41",TATASTEEL,282753,665.4
155466,"2018-03-05 09:16:41",TCS,57844,3045.5
155469,"2018-03-05 09:16:42",RELCAPITAL,58438,455.5
155470,"2018-03-05 09:16:42",RELIANCE,307864,945.1
155468,"2018-03-05 09:16:42",TATAMOTORS,185463,365.35
155471,"2018-03-05 09:16:42",TCS,57992,3045.45
155467,"2018-03-05 09:16:42",VEDL,300465,317.85
155475,"2018-03-05 09:16:43",BHARTIARTL,105761,424.9
155476,"2018-03-05 09:16:43",BIOCON,49490,630.5
155478,"2018-03-05 09:16:43",INFY,168340,1164.35
155477,"2018-03-05 09:16:43",MARUTI,19104,8813.65
155472,"2018-03-05 09:16:43",TATAMOTORS,185508,365.4
155473,"2018-03-05 09:16:43",TATASTEEL,285200,665.7
155479,"2018-03-05 09:16:43",TCS,58493,3046.55
155474,"2018-03-05 09:16:43",VEDL,302115,317.8
155480,"2018-03-05 09:16:44",BIOCON,49640,630.2
155486,"2018-03-05 09:16:44",INFY,169128,1164.3
155481,"2018-03-05 09:16:44",MARUTI,19183,8813.7
155487,"2018-03-05 09:16:44",RELCAPITAL,59158,455.1
155483,"2018-03-05 09:16:44",RELIANCE,307937,945
155484,"2018-03-05 09:16:44",TATAMOTORS,188045,365.25
155485,"2018-03-05 09:16:44",TATASTEEL,285378,665.8
155482,"2018-03-05 09:16:44",VEDL,302315,317.85
155488,"2018-03-05 09:16:45",BIOCON,50010,630.5
155489,"2018-03-05 09:16:45",MARUTI,19203,8813.65
155493,"2018-03-05 09:16:45",RELCAPITAL,59327,455.65
155491,"2018-03-05 09:16:45",RELIANCE,308523,945.1
155492,"2018-03-05 09:16:45",TATASTEEL,285821,665.7
155490,"2018-03-05 09:16:45",VEDL,307457,317.9
155498,"2018-03-05 09:16:46",BIOCON,52120,630.5
155494,"2018-03-05 09:16:46",INFY,170781,1164.1
155499,"2018-03-05 09:16:46",MARUTI,19250,8813.7
155501,"2018-03-05 09:16:46",MARUTI,19260,8813.7
155500,"2018-03-05 09:16:46",RELCAPITAL,59730,455.25
155495,"2018-03-05 09:16:46",RELIANCE,308615,945.1
155496,"2018-03-05 09:16:46",TATAMOTORS,190020,365.4
155497,"2018-03-05 09:16:46",VEDL,307907,318
155502,"2018-03-05 09:16:47",INFY,172020,1164.65
155505,"2018-03-05 09:16:47",MARUTI,19321,8813.7
155507,"2018-03-05 09:16:47",RELIANCE,309822,945
155508,"2018-03-05 09:16:47",TATAMOTORS,190204,365.45
155504,"2018-03-05 09:16:47",TATASTEEL,286556,665.6
155503,"2018-03-05 09:16:47",TCS,58596,3048.35
155506,"2018-03-05 09:16:47",VEDL,308107,318
155509,"2018-03-05 09:16:48",BIOCON,52850,630.75
155515,"2018-03-05 09:16:48",INFY,172321,1164.5
155513,"2018-03-05 09:16:48",MARUTI,19409,8813.7
155511,"2018-03-05 09:16:48",RELCAPITAL,59780,455.3
155516,"2018-03-05 09:16:48",RELIANCE,312207,945.05
155517,"2018-03-05 09:16:48",TATAMOTORS,191338,365.65
155510,"2018-03-05 09:16:48",TATASTEEL,288940,665.55
155512,"2018-03-05 09:16:48",TCS,58846,3046.3
155514,"2018-03-05 09:16:48",VEDL,309624,318.3
155523,"2018-03-05 09:16:49",BHARTIARTL,105786,424.9
155520,"2018-03-05 09:16:49",BIOCON,53828,630.15
155525,"2018-03-05 09:16:49",INFY,172460,1164.35
155524,"2018-03-05 09:16:49",MARUTI,19460,8813.75
155518,"2018-03-05 09:16:49",RELCAPITAL,59930,455.55
155521,"2018-03-05 09:16:49",TATASTEEL,289948,666
155519,"2018-03-05 09:16:49",TCS,58889,3046.85
155522,"2018-03-05 09:16:49",VEDL,312274,318
155532,"2018-03-05 09:16:50",BHARTIARTL,105919,424.9
155526,"2018-03-05 09:16:50",BIOCON,54843,630.55
155533,"2018-03-05 09:16:50",BIOCON,55843,631.25
155529,"2018-03-05 09:16:50",INFY,173181,1164.5
155534,"2018-03-05 09:16:50",MARUTI,19517,8814.05
155528,"2018-03-05 09:16:50",RELCAPITAL,61543,455.2
155530,"2018-03-05 09:16:50",RELIANCE,312410,945.5
155531,"2018-03-05 09:16:50",TATAMOTORS,191745,365.6
155527,"2018-03-05 09:16:50",TATASTEEL,290558,665.65
155535,"2018-03-05 09:16:50",VEDL,314619,318.05
155541,"2018-03-05 09:16:51",BHARTIARTL,105969,424.9
155538,"2018-03-05 09:16:51",BIOCON,55938,630.5
155540,"2018-03-05 09:16:51",RELCAPITAL,61743,455.05
155542,"2018-03-05 09:16:51",RELIANCE,315405,945
155539,"2018-03-05 09:16:51",TATAMOTORS,191970,365.7
155536,"2018-03-05 09:16:51",TATASTEEL,291480,665.9
155543,"2018-03-05 09:16:51",TCS,58960,3046.85
155537,"2018-03-05 09:16:51",VEDL,314819,318
155548,"2018-03-05 09:16:52",BIOCON,56446,630.45
155546,"2018-03-05 09:16:52",INFY,173562,1164.45
155547,"2018-03-05 09:16:52",RELCAPITAL,61843,455.4
155549,"2018-03-05 09:16:52",TATAMOTORS,192244,365.5
155544,"2018-03-05 09:16:52",TATASTEEL,291943,665.9
155550,"2018-03-05 09:16:52",TCS,59010,3046.3
155545,"2018-03-05 09:16:52",VEDL,315273,318.2
155553,"2018-03-05 09:16:53",BIOCON,56646,630.9
155555,"2018-03-05 09:16:53",INFY,174153,1164.5
155551,"2018-03-05 09:16:53",MARUTI,19562,8815.95
155556,"2018-03-05 09:16:53",RELCAPITAL,62001,455.65
155552,"2018-03-05 09:16:53",RELIANCE,315700,944.9
155554,"2018-03-05 09:16:53",TATASTEEL,294538,665.65
155557,"2018-03-05 09:16:53",TCS,59190,3046.85
155562,"2018-03-05 09:16:54",BIOCON,58620,630
155563,"2018-03-05 09:16:54",INFY,174210,1164.5
155559,"2018-03-05 09:16:54",RELIANCE,316148,945
155560,"2018-03-05 09:16:54",TATAMOTORS,194924,365.5
155561,"2018-03-05 09:16:54",TATASTEEL,302286,666.45
155558,"2018-03-05 09:16:54",VEDL,315373,318.1
155568,"2018-03-05 09:16:55",INFY,175519,1164.7
155566,"2018-03-05 09:16:55",RELCAPITAL,62651,455.55
155567,"2018-03-05 09:16:55",RELIANCE,316460,944.75
155565,"2018-03-05 09:16:55",TATAMOTORS,195275,365.4
155569,"2018-03-05 09:16:55",TATASTEEL,303789,666.45
155564,"2018-03-05 09:16:55",VEDL,316923,318
155570,"2018-03-05 09:16:56",BHARTIARTL,106014,424.9
155571,"2018-03-05 09:16:56",BIOCON,59195,630.35
155575,"2018-03-05 09:16:56",BIOCON,59220,630.35
155572,"2018-03-05 09:16:56",INFY,175577,1164.7
155577,"2018-03-05 09:16:56",RELIANCE,317126,945
155576,"2018-03-05 09:16:56",TATAMOTORS,196530,365.55
155573,"2018-03-05 09:16:56",TATASTEEL,304846,666.2
155574,"2018-03-05 09:16:56",VEDL,317448,318.2
155583,"2018-03-05 09:16:57",INFY,175998,1164.75
155578,"2018-03-05 09:16:57",MARUTI,19661,8815.35
155581,"2018-03-05 09:16:57",RELIANCE,317712,945
155582,"2018-03-05 09:16:57",TATAMOTORS,197516,365.65
155580,"2018-03-05 09:16:57",TCS,59390,3048.65
155579,"2018-03-05 09:16:57",VEDL,318792,318.1
155584,"2018-03-05 09:16:58",BIOCON,59471,630.15
155589,"2018-03-05 09:16:58",INFY,177300,1164.6
155585,"2018-03-05 09:16:58",MARUTI,19760,8815.35
155588,"2018-03-05 09:16:58",RELCAPITAL,62936,455.4
155590,"2018-03-05 09:16:58",RELCAPITAL,62951,455.4
155591,"2018-03-05 09:16:58",RELIANCE,318535,944.9
155592,"2018-03-05 09:16:58",TATAMOTORS,197836,365.6
155586,"2018-03-05 09:16:58",TATASTEEL,305137,666.45
155587,"2018-03-05 09:16:58",VEDL,319137,318.1
155593,"2018-03-05 09:16:59",BIOCON,59517,630.45
155596,"2018-03-05 09:16:59",INFY,178781,1164.5
155594,"2018-03-05 09:16:59",MARUTI,19921,8815.4
155597,"2018-03-05 09:16:59",RELCAPITAL,63960,455.55
155598,"2018-03-05 09:16:59",TATAMOTORS,198106,365.5
155599,"2018-03-05 09:16:59",TCS,59460,3048
155595,"2018-03-05 09:16:59",VEDL,322114,318.2
155604,"2018-03-05 09:17:00",INFY,180162,1164.45
155601,"2018-03-05 09:17:00",MARUTI,20020,8815.4
155605,"2018-03-05 09:17:00",RELCAPITAL,64304,455.2
155600,"2018-03-05 09:17:00",RELIANCE,319612,944.75
155602,"2018-03-05 09:17:00",TATASTEEL,306046,666.1
155606,"2018-03-05 09:17:00",TCS,59480,3048
155603,"2018-03-05 09:17:00",VEDL,322443,318.15
155608,"2018-03-05 09:17:01",BIOCON,60281,630.6
155609,"2018-03-05 09:17:01",MARUTI,20466,8813.55
155607,"2018-03-05 09:17:01",TATAMOTORS,200261,365.5
155610,"2018-03-05 09:17:01",TATASTEEL,307603,666
155611,"2018-03-05 09:17:01",VEDL,323637,318.2
155625,"2018-03-05 09:17:02",BHARTIARTL,106293,425
155615,"2018-03-05 09:17:02",BIOCON,60727,630.1
155613,"2018-03-05 09:17:02",INFY,181432,1164.25
155617,"2018-03-05 09:17:02",INFY,182032,1163.9
155616,"2018-03-05 09:17:02",MARUTI,20481,8813
155622,"2018-03-05 09:17:02",MARUTI,20533,8815.85
155614,"2018-03-05 09:17:02",RELCAPITAL,65321,455.6
155618,"2018-03-05 09:17:02",RELIANCE,320358,944.9
155620,"2018-03-05 09:17:02",RELIANCE,322111,944.9
155619,"2018-03-05 09:17:02",TATAMOTORS,205586,365.6
155623,"2018-03-05 09:17:02",TATASTEEL,308934,666.1
155612,"2018-03-05 09:17:02",TCS,59847,3047.75
155621,"2018-03-05 09:17:02",TCS,60047,3048
155624,"2018-03-05 09:17:02",VEDL,325889,318.05
155627,"2018-03-05 09:17:03",INFY,184076,1163
155629,"2018-03-05 09:17:03",MARUTI,20598,8815.8
155628,"2018-03-05 09:17:03",RELCAPITAL,66612,455.3
155632,"2018-03-05 09:17:03",RELIANCE,322306,944.85
155626,"2018-03-05 09:17:03",TATAMOTORS,209785,365.6
155630,"2018-03-05 09:17:03",TATASTEEL,309581,666.35
155633,"2018-03-05 09:17:03",TCS,60083,3048
155631,"2018-03-05 09:17:03",VEDL,327758,318.25
155637,"2018-03-05 09:17:04",BIOCON,60897,630.15
155641,"2018-03-05 09:17:04",INFY,186417,1163.85
155639,"2018-03-05 09:17:04",MARUTI,20664,8815.4
155634,"2018-03-05 09:17:04",RELCAPITAL,69071,455.05
155642,"2018-03-05 09:17:04",RELIANCE,323227,944.75
155635,"2018-03-05 09:17:04",TATAMOTORS,210205,365.75
155640,"2018-03-05 09:17:04",TATASTEEL,309968,665.8
155636,"2018-03-05 09:17:04",TCS,60142,3047.7
155638,"2018-03-05 09:17:04",VEDL,327858,318
155644,"2018-03-05 09:17:05",BIOCON,61077,630.15
155647,"2018-03-05 09:17:05",INFY,188541,1163.8
155643,"2018-03-05 09:17:05",RELCAPITAL,69398,455.2
155648,"2018-03-05 09:17:05",RELIANCE,324473,944.25
155646,"2018-03-05 09:17:05",TATASTEEL,310172,666.1
155645,"2018-03-05 09:17:05",VEDL,328523,318
155650,"2018-03-05 09:17:06",BHARTIARTL,106393,425
155651,"2018-03-05 09:17:06",MARUTI,20770,8815.4
155652,"2018-03-05 09:17:06",TATASTEEL,311716,665.9
155653,"2018-03-05 09:17:06",TCS,60436,3049
155649,"2018-03-05 09:17:06",VEDL,329665,317.95
155656,"2018-03-05 09:17:07",BIOCON,61212,630.4
155664,"2018-03-05 09:17:07",BIOCON,61489,630.45
155654,"2018-03-05 09:17:07",INFY,189315,1164
155662,"2018-03-05 09:17:07",INFY,189983,1164.45
155657,"2018-03-05 09:17:07",MARUTI,21004,8816
155665,"2018-03-05 09:17:07",MARUTI,21144,8818.8
155660,"2018-03-05 09:17:07",RELIANCE,325100,944.55
155655,"2018-03-05 09:17:07",TATAMOTORS,211201,365.75
155663,"2018-03-05 09:17:07",TATAMOTORS,212213,365.75
155658,"2018-03-05 09:17:07",TATASTEEL,313281,665.7
155661,"2018-03-05 09:17:07",TCS,60487,3047.65
155659,"2018-03-05 09:17:07",VEDL,330527,317.9
155669,"2018-03-05 09:17:08",BIOCON,62561,630.4
155670,"2018-03-05 09:17:08",MARUTI,21209,8815.4
155667,"2018-03-05 09:17:08",RELCAPITAL,69749,455.35
155672,"2018-03-05 09:17:08",RELIANCE,325460,944.25
155671,"2018-03-05 09:17:08",TATAMOTORS,213094,365.9
155666,"2018-03-05 09:17:08",TATASTEEL,314251,665.65
155668,"2018-03-05 09:17:08",VEDL,330677,317.9
155676,"2018-03-05 09:17:09",BIOCON,63091,630.55
155673,"2018-03-05 09:17:09",INFY,190127,1164.7
155674,"2018-03-05 09:17:09",RELCAPITAL,69930,455.35
155678,"2018-03-05 09:17:09",RELIANCE,326850,944.2
155675,"2018-03-05 09:17:09",TATASTEEL,315197,665.7
155677,"2018-03-05 09:17:09",VEDL,334232,318
155681,"2018-03-05 09:17:10",BHARTIARTL,109157,424.4
155685,"2018-03-05 09:17:10",BIOCON,64101,630.15
155683,"2018-03-05 09:17:10",INFY,190233,1164.65
155682,"2018-03-05 09:17:10",MARUTI,21337,8815.4
155679,"2018-03-05 09:17:10",RELCAPITAL,70133,455.75
155684,"2018-03-05 09:17:10",RELCAPITAL,70285,455.55
155680,"2018-03-05 09:17:10",TATAMOTORS,213596,365.9
155686,"2018-03-05 09:17:10",TATASTEEL,316130,665.8
155687,"2018-03-05 09:17:10",VEDL,338332,318.05
155691,"2018-03-05 09:17:11",INFY,191835,1164.9
155689,"2018-03-05 09:17:11",MARUTI,21395,8814.65
155692,"2018-03-05 09:17:11",RELCAPITAL,71396,455.7
155688,"2018-03-05 09:17:11",RELIANCE,327850,943.95
155690,"2018-03-05 09:17:11",TATAMOTORS,214810,365.85
155693,"2018-03-05 09:17:11",TATASTEEL,316400,665.5
155694,"2018-03-05 09:17:11",VEDL,340327,317.75
155702,"2018-03-05 09:17:12",INFY,192064,1164.65
155695,"2018-03-05 09:17:12",MARUTI,21467,8814.25
155700,"2018-03-05 09:17:12",MARUTI,21546,8813.95
155697,"2018-03-05 09:17:12",RELIANCE,328470,944.6
155701,"2018-03-05 09:17:12",TATAMOTORS,214960,365.85
155696,"2018-03-05 09:17:12",TATASTEEL,316964,665.6
155698,"2018-03-05 09:17:12",TCS,60997,3048.95
155699,"2018-03-05 09:17:12",VEDL,342927,317.7
155703,"2018-03-05 09:17:13",BIOCON,64226,631
155705,"2018-03-05 09:17:13",RELCAPITAL,71517,455.35
155704,"2018-03-05 09:17:13",TATASTEEL,320008,665.4
155706,"2018-03-05 09:17:13",TCS,61112,3047.7
155716,"2018-03-05 09:17:14",BHARTIARTL,110145,424.4
155713,"2018-03-05 09:17:14",BIOCON,64256,630.4
155708,"2018-03-05 09:17:14",INFY,192103,1164.25
155712,"2018-03-05 09:17:14",INFY,192163,1164.55
155717,"2018-03-05 09:17:14",MARUTI,21565,8813
155709,"2018-03-05 09:17:14",RELCAPITAL,72016,455.45
155710,"2018-03-05 09:17:14",RELIANCE,332715,944
155714,"2018-03-05 09:17:14",RELIANCE,333315,944
155711,"2018-03-05 09:17:14",TATAMOTORS,216101,365.75
155718,"2018-03-05 09:17:14",TATASTEEL,321168,665
155715,"2018-03-05 09:17:14",TCS,61372,3048.05
155707,"2018-03-05 09:17:14",VEDL,343554,317.5
155722,"2018-03-05 09:17:15",BIOCON,64683,630.5
155719,"2018-03-05 09:17:15",INFY,192722,1164.25
155720,"2018-03-05 09:17:15",RELCAPITAL,72486,455.65
155726,"2018-03-05 09:17:15",RELIANCE,335302,943.95
155721,"2018-03-05 09:17:15",TATAMOTORS,217752,366
155723,"2018-03-05 09:17:15",TATASTEEL,322149,665.15
155725,"2018-03-05 09:17:15",TCS,61793,3048.05
155724,"2018-03-05 09:17:15",VEDL,344199,317.75
155736,"2018-03-05 09:17:16",BHARTIARTL,110345,424.65
155727,"2018-03-05 09:17:16",BIOCON,64783,630.5
155731,"2018-03-05 09:17:16",INFY,193371,1164.5
155728,"2018-03-05 09:17:16",MARUTI,21651,8815.4
155734,"2018-03-05 09:17:16",MARUTI,21684,8815.4
155732,"2018-03-05 09:17:16",RELCAPITAL,72501,455.55
155737,"2018-03-05 09:17:16",RELIANCE,335990,943.9
155733,"2018-03-05 09:17:16",TATAMOTORS,218007,365.95
155729,"2018-03-05 09:17:16",TATASTEEL,323863,665
155738,"2018-03-05 09:17:16",TCS,62085,3048.05
155730,"2018-03-05 09:17:16",VEDL,345548,317.45
155735,"2018-03-05 09:17:16",VEDL,347128,317.8
155740,"2018-03-05 09:17:17",BHARTIARTL,110445,424.55
155741,"2018-03-05 09:17:17",BIOCON,65283,630.5
155743,"2018-03-05 09:17:17",INFY,193629,1164.45
155744,"2018-03-05 09:17:17",RELCAPITAL,82436,455.7
155739,"2018-03-05 09:17:17",TATAMOTORS,220819,365.95
155742,"2018-03-05 09:17:17",TATASTEEL,324149,665.2
155753,"2018-03-05 09:17:18",BIOCON,65303,630.45
155749,"2018-03-05 09:17:18",INFY,194104,1163.45
155747,"2018-03-05 09:17:18",MARUTI,21717,8814.65
155750,"2018-03-05 09:17:18",RELCAPITAL,82486,455.4
155745,"2018-03-05 09:17:18",RELIANCE,337421,944
155746,"2018-03-05 09:17:18",TATAMOTORS,221998,365.9
155751,"2018-03-05 09:17:18",TATASTEEL,325232,665.15
155748,"2018-03-05 09:17:18",TCS,62222,3049.7
155752,"2018-03-05 09:17:18",VEDL,347665,317.75
155758,"2018-03-05 09:17:19",INFY,194327,1163.95
155756,"2018-03-05 09:17:19",MARUTI,21724,8813.3
155760,"2018-03-05 09:17:19",MARUTI,21807,8814.9
155759,"2018-03-05 09:17:19",RELCAPITAL,82536,455.55
155754,"2018-03-05 09:17:19",RELIANCE,338961,943.85
155755,"2018-03-05 09:17:19",TATAMOTORS,224759,365.95
155761,"2018-03-05 09:17:19",TATASTEEL,325961,665.15
155757,"2018-03-05 09:17:19",VEDL,350620,317.85
155762,"2018-03-05 09:17:20",BHARTIARTL,110501,424.9
155763,"2018-03-05 09:17:20",BIOCON,65327,630.1
155766,"2018-03-05 09:17:20",MARUTI,21870,8814.4
155764,"2018-03-05 09:17:20",RELIANCE,339134,943.9
155765,"2018-03-05 09:17:20",TATAMOTORS,225645,365.85
155767,"2018-03-05 09:17:20",TATASTEEL,327241,665.15
155768,"2018-03-05 09:17:20",VEDL,351121,317.7
155773,"2018-03-05 09:17:21",BIOCON,65578,630.4
155775,"2018-03-05 09:17:21",BIOCON,65688,630.15
155772,"2018-03-05 09:17:21",INFY,195289,1163.7
155769,"2018-03-05 09:17:21",RELCAPITAL,83252,455.3
155777,"2018-03-05 09:17:21",RELIANCE,339300,943.9
155770,"2018-03-05 09:17:21",TATAMOTORS,226466,365.85
155774,"2018-03-05 09:17:21",TATASTEEL,327424,665.3
155771,"2018-03-05 09:17:21",TCS,62293,3049.3
155776,"2018-03-05 09:17:21",VEDL,352817,318
155781,"2018-03-05 09:17:22",BIOCON,65822,630.35
155783,"2018-03-05 09:17:22",INFY,195899,1163.7
155779,"2018-03-05 09:17:22",MARUTI,21914,8813
155782,"2018-03-05 09:17:22",TATAMOTORS,227452,365.9
155778,"2018-03-05 09:17:22",TCS,62586,3048.15
155780,"2018-03-05 09:17:22",VEDL,353667,317.95
155786,"2018-03-05 09:17:23",BHARTIARTL,110659,424.65
155788,"2018-03-05 09:17:23",INFY,196121,1164
155784,"2018-03-05 09:17:23",MARUTI,22074,8818.6
155789,"2018-03-05 09:17:23",RELCAPITAL,83418,455.6
155790,"2018-03-05 09:17:23",TATAMOTORS,228242,366
155785,"2018-03-05 09:17:23",TATASTEEL,328505,665.3
155791,"2018-03-05 09:17:23",TCS,62858,3048.15
155787,"2018-03-05 09:17:23",VEDL,353767,318.15
155798,"2018-03-05 09:17:24",BHARTIARTL,110915,424.65
155795,"2018-03-05 09:17:24",MARUTI,22219,8815.55
155796,"2018-03-05 09:17:24",RELCAPITAL,84210,455.85
155792,"2018-03-05 09:17:24",RELIANCE,339539,943.9
155797,"2018-03-05 09:17:24",TATAMOTORS,228852,365.85
155793,"2018-03-05 09:17:24",TATASTEEL,329469,665.3
155794,"2018-03-05 09:17:24",VEDL,356867,317.9
155799,"2018-03-05 09:17:25",BIOCON,66524,630.15
155805,"2018-03-05 09:17:25",BIOCON,66734,630.25
155800,"2018-03-05 09:17:25",MARUTI,22308,8815.55
155803,"2018-03-05 09:17:25",RELIANCE,339778,943.9
155804,"2018-03-05 09:17:25",TATAMOTORS,228974,365.85
155806,"2018-03-05 09:17:25",TATAMOTORS,229257,365.9
155801,"2018-03-05 09:17:25",TATASTEEL,330226,665.35
155807,"2018-03-05 09:17:25",TCS,62880,3049
155802,"2018-03-05 09:17:25",VEDL,357293,317.95
155811,"2018-03-05 09:17:26",BHARTIARTL,110945,424.85
155812,"2018-03-05 09:17:26",BIOCON,66804,630.5
155809,"2018-03-05 09:17:26",INFY,196851,1163.6
155808,"2018-03-05 09:17:26",MARUTI,22361,8818.3
155815,"2018-03-05 09:17:26",RELCAPITAL,84241,455.7
155810,"2018-03-05 09:17:26",RELIANCE,341149,944
155813,"2018-03-05 09:17:26",TATASTEEL,330441,665.5
155814,"2018-03-05 09:17:26",VEDL,358623,318.2
155821,"2018-03-05 09:17:27",BIOCON,67425,630.35
155820,"2018-03-05 09:17:27",INFY,198651,1162.65
155816,"2018-03-05 09:17:27",MARUTI,22404,8818.15
155823,"2018-03-05 09:17:27",RELCAPITAL,84442,455.8
155818,"2018-03-05 09:17:27",RELIANCE,342139,944
155819,"2018-03-05 09:17:27",TATAMOTORS,229863,366
155817,"2018-03-05 09:17:27",TATASTEEL,330583,665.35
155822,"2018-03-05 09:17:27",VEDL,360908,317.85
155828,"2018-03-05 09:17:28",BIOCON,67475,630.45
155826,"2018-03-05 09:17:28",INFY,199049,1162.45
155829,"2018-03-05 09:17:28",MARUTI,22433,8818.1
155827,"2018-03-05 09:17:28",RELCAPITAL,84563,455.65
155825,"2018-03-05 09:17:28",RELIANCE,342948,944.1
155824,"2018-03-05 09:17:28",TATAMOTORS,230260,366.05
155830,"2018-03-05 09:17:28",TATASTEEL,330778,665.6
155831,"2018-03-05 09:17:28",VEDL,361608,317.9
155836,"2018-03-05 09:17:29",BIOCON,67525,630.45
155839,"2018-03-05 09:17:29",INFY,200249,1162.55
155833,"2018-03-05 09:17:29",MARUTI,22500,8817.15
155837,"2018-03-05 09:17:29",RELIANCE,343430,944.25
155838,"2018-03-05 09:17:29",TATAMOTORS,230566,365.95
155834,"2018-03-05 09:17:29",TATASTEEL,331588,665.5
155832,"2018-03-05 09:17:29",TCS,62945,3049.25
155835,"2018-03-05 09:17:29",VEDL,362263,318
155840,"2018-03-05 09:17:30",BHARTIARTL,111371,424.65
155843,"2018-03-05 09:17:30",MARUTI,22525,8817.15
155842,"2018-03-05 09:17:30",RELCAPITAL,84826,455.7
155844,"2018-03-05 09:17:30",RELIANCE,347381,943.9
155845,"2018-03-05 09:17:30",TATAMOTORS,231335,365.95
155841,"2018-03-05 09:17:30",TATASTEEL,331739,665.65
155852,"2018-03-05 09:17:31",BIOCON,67705,630.8
155846,"2018-03-05 09:17:31",INFY,200311,1162.65
155853,"2018-03-05 09:17:31",MARUTI,22593,8816.35
155847,"2018-03-05 09:17:31",RELCAPITAL,85668,455.95
155851,"2018-03-05 09:17:31",TATAMOTORS,231650,366
155849,"2018-03-05 09:17:31",TATASTEEL,332518,665.65
155848,"2018-03-05 09:17:31",TCS,63080,3049.15
155850,"2018-03-05 09:17:31",VEDL,363878,318
155860,"2018-03-05 09:17:32",BIOCON,67805,630.95
155857,"2018-03-05 09:17:32",INFY,201021,1162.75
155854,"2018-03-05 09:17:32",RELCAPITAL,86211,455.95
155858,"2018-03-05 09:17:32",RELIANCE,349879,944
155859,"2018-03-05 09:17:32",TATASTEEL,332973,665.5
155856,"2018-03-05 09:17:32",TCS,63137,3048.4
155855,"2018-03-05 09:17:32",VEDL,369006,317.95
155865,"2018-03-05 09:17:33",INFY,201393,1162.65
155861,"2018-03-05 09:17:33",MARUTI,22601,8817.15
155863,"2018-03-05 09:17:33",RELCAPITAL,87462,456.35
155866,"2018-03-05 09:17:33",TATASTEEL,334312,665.5
155864,"2018-03-05 09:17:33",TCS,63259,3048.4
155862,"2018-03-05 09:17:33",VEDL,371379,318.05
155874,"2018-03-05 09:17:34",BHARTIARTL,111451,424.65
155875,"2018-03-05 09:17:34",BIOCON,67867,630.45
155876,"2018-03-05 09:17:34",INFY,201807,1162.55
155871,"2018-03-05 09:17:34",MARUTI,22694,8820
155870,"2018-03-05 09:17:34",RELCAPITAL,88435,456.25
155867,"2018-03-05 09:17:34",RELIANCE,350845,943.9
155868,"2018-03-05 09:17:34",TATAMOTORS,234402,365.9
155872,"2018-03-05 09:17:34",TATASTEEL,334605,665.6
155869,"2018-03-05 09:17:34",TCS,63849,3048.1
155873,"2018-03-05 09:17:34",VEDL,372479,317.95
155881,"2018-03-05 09:17:35",BHARTIARTL,111574,424.65
155882,"2018-03-05 09:17:35",BIOCON,68232,630.8
155878,"2018-03-05 09:17:35",MARUTI,22729,8819
155884,"2018-03-05 09:17:35",RELCAPITAL,88520,456
155880,"2018-03-05 09:17:35",RELIANCE,351612,944
155879,"2018-03-05 09:17:35",TATAMOTORS,236237,365.75
155883,"2018-03-05 09:17:35",TATASTEEL,335490,665.6
155885,"2018-03-05 09:17:35",TCS,64168,3048.1
155877,"2018-03-05 09:17:35",VEDL,373548,317.95
155888,"2018-03-05 09:17:36",BIOCON,71054,630.75
155892,"2018-03-05 09:17:36",INFY,202234,1162.6
155889,"2018-03-05 09:17:36",MARUTI,22805,8820
155886,"2018-03-05 09:17:36",RELIANCE,352214,943.95
155893,"2018-03-05 09:17:36",RELIANCE,353054,944
155887,"2018-03-05 09:17:36",TATAMOTORS,240813,365.5
155890,"2018-03-05 09:17:36",TATASTEEL,335665,665.55
155894,"2018-03-05 09:17:36",TCS,64310,3048.1
155891,"2018-03-05 09:17:36",VEDL,374768,317.9
155899,"2018-03-05 09:17:37",BHARTIARTL,112674,424.5
155901,"2018-03-05 09:17:37",INFY,202393,1162.6
155900,"2018-03-05 09:17:37",MARUTI,22937,8820
155897,"2018-03-05 09:17:37",RELCAPITAL,88740,456.35
155902,"2018-03-05 09:17:37",RELIANCE,355111,944
155898,"2018-03-05 09:17:37",TATAMOTORS,241928,365.6
155895,"2018-03-05 09:17:37",TATASTEEL,337444,665.9
155903,"2018-03-05 09:17:37",TCS,64335,3048
155896,"2018-03-05 09:17:37",VEDL,375014,317.9
155909,"2018-03-05 09:17:38",BHARTIARTL,112699,424.85
155910,"2018-03-05 09:17:38",BIOCON,72131,630.5
155906,"2018-03-05 09:17:38",INFY,202675,1162.75
155904,"2018-03-05 09:17:38",RELCAPITAL,89478,456.6
155907,"2018-03-05 09:17:38",RELIANCE,355669,944.5
155905,"2018-03-05 09:17:38",TATAMOTORS,242555,365.6
155911,"2018-03-05 09:17:38",TATASTEEL,337835,665.8
155908,"2018-03-05 09:17:38",TCS,64395,3048
155912,"2018-03-05 09:17:38",VEDL,375539,317.9
155918,"2018-03-05 09:17:39",BIOCON,72241,631
155920,"2018-03-05 09:17:39",INFY,202747,1162.3
155914,"2018-03-05 09:17:39",MARUTI,22948,8823.4
155916,"2018-03-05 09:17:39",RELCAPITAL,90530,456.6
155919,"2018-03-05 09:17:39",RELIANCE,363755,944
155915,"2018-03-05 09:17:39",TATAMOTORS,253606,365.8
155917,"2018-03-05 09:17:39",TATASTEEL,339475,665.65
155913,"2018-03-05 09:17:39",VEDL,376366,318
155926,"2018-03-05 09:17:40",BIOCON,72557,630.6
155921,"2018-03-05 09:17:40",RELCAPITAL,90875,456.25
155924,"2018-03-05 09:17:40",RELIANCE,364173,943.95
155923,"2018-03-05 09:17:40",TATASTEEL,339657,665.75
155922,"2018-03-05 09:17:40",TCS,64423,3047.8
155925,"2018-03-05 09:17:40",VEDL,377850,317.95
155927,"2018-03-05 09:17:41",INFY,202790,1162.75
155929,"2018-03-05 09:17:41",MARUTI,22994,8820.65
155933,"2018-03-05 09:17:41",RELCAPITAL,91165,456.75
155932,"2018-03-05 09:17:41",TATAMOTORS,256037,365.7
155930,"2018-03-05 09:17:41",TATASTEEL,340955,665.75
155928,"2018-03-05 09:17:41",TCS,64449,3047.85
155931,"2018-03-05 09:17:41",VEDL,378263,318.15
155934,"2018-03-05 09:17:42",BHARTIARTL,112856,424.65
155940,"2018-03-05 09:17:42",BIOCON,75643,631.3
155937,"2018-03-05 09:17:42",INFY,203300,1162.35
155935,"2018-03-05 09:17:42",MARUTI,23002,8823.35
155941,"2018-03-05 09:17:42",RELCAPITAL,93206,456.6
155938,"2018-03-05 09:17:42",RELIANCE,365796,944
155936,"2018-03-05 09:17:42",TATASTEEL,341240,665.8
155939,"2018-03-05 09:17:42",TCS,64734,3047.85
155943,"2018-03-05 09:17:43",MARUTI,23047,8823.4
155946,"2018-03-05 09:17:43",RELCAPITAL,93316,456.75
155942,"2018-03-05 09:17:43",RELIANCE,367062,944
155947,"2018-03-05 09:17:43",TATAMOTORS,256123,365.7
155944,"2018-03-05 09:17:43",TATASTEEL,341476,665.75
155945,"2018-03-05 09:17:43",VEDL,379223,318
155948,"2018-03-05 09:17:43",VEDL,379363,318.15
155950,"2018-03-05 09:17:44",BIOCON,75855,631.6
155952,"2018-03-05 09:17:44",INFY,204158,1162.7
155951,"2018-03-05 09:17:44",MARUTI,23229,8825
155953,"2018-03-05 09:17:44",RELIANCE,368162,944
155954,"2018-03-05 09:17:44",TATAMOTORS,258577,365.7
155949,"2018-03-05 09:17:44",TATASTEEL,343053,665.85
155955,"2018-03-05 09:17:44",TCS,65151,3047
155956,"2018-03-05 09:17:45",BHARTIARTL,113527,424.6
155960,"2018-03-05 09:17:45",BIOCON,75880,631.2
155961,"2018-03-05 09:17:45",MARUTI,23241,8827.55
155959,"2018-03-05 09:17:45",RELCAPITAL,93366,456.6
155962,"2018-03-05 09:17:45",RELIANCE,368399,944
155963,"2018-03-05 09:17:45",TATAMOTORS,259260,365.85
155957,"2018-03-05 09:17:45",TATASTEEL,343372,665.5
155958,"2018-03-05 09:17:45",VEDL,381903,318
155966,"2018-03-05 09:17:46",INFY,204294,1162.65
155970,"2018-03-05 09:17:46",MARUTI,23251,8825.3
155967,"2018-03-05 09:17:46",RELCAPITAL,93511,456.5
155969,"2018-03-05 09:17:46",RELIANCE,370024,944
155964,"2018-03-05 09:17:46",TATASTEEL,343643,665.85
155968,"2018-03-05 09:17:46",TCS,65256,3047
155965,"2018-03-05 09:17:46",VEDL,383114,318
155972,"2018-03-05 09:17:47",INFY,204984,1162.6
155973,"2018-03-05 09:17:47",RELCAPITAL,95052,456.95
155975,"2018-03-05 09:17:47",RELIANCE,370382,944
155974,"2018-03-05 09:17:47",TATASTEEL,343713,665.75
155971,"2018-03-05 09:17:47",VEDL,384114,318
155982,"2018-03-05 09:17:48",BIOCON,75984,631.5
155979,"2018-03-05 09:17:48",INFY,205422,1162.6
155976,"2018-03-05 09:17:48",MARUTI,23299,8825.3
155980,"2018-03-05 09:17:48",RELCAPITAL,96224,456.75
155981,"2018-03-05 09:17:48",TATAMOTORS,261030,365.95
155977,"2018-03-05 09:17:48",TATASTEEL,344274,665.9
155978,"2018-03-05 09:17:48",VEDL,384460,318
155987,"2018-03-05 09:17:49",BIOCON,76128,631.5
155983,"2018-03-05 09:17:49",MARUTI,23397,8827.3
155985,"2018-03-05 09:17:49",RELCAPITAL,97290,457
155986,"2018-03-05 09:17:49",RELIANCE,371278,944
155984,"2018-03-05 09:17:49",TATAMOTORS,261680,366
155988,"2018-03-05 09:17:49",TATASTEEL,344784,665.85
155989,"2018-03-05 09:17:50",BHARTIARTL,113969,424.6
155992,"2018-03-05 09:17:50",INFY,205792,1162.75
155990,"2018-03-05 09:17:50",MARUTI,23454,8827.3
155993,"2018-03-05 09:17:50",RELCAPITAL,97973,457
155991,"2018-03-05 09:17:50",TATAMOTORS,263783,365.9
155994,"2018-03-05 09:17:50",TATASTEEL,346795,665.8
155995,"2018-03-05 09:17:50",VEDL,384780,318
155996,"2018-03-05 09:17:51",BIOCON,78915,632.15
155997,"2018-03-05 09:17:51",MARUTI,23590,8827.55
155999,"2018-03-05 09:17:51",RELCAPITAL,98659,456.75
155998,"2018-03-05 09:17:51",TATAMOTORS,264003,365.9
156000,"2018-03-05 09:17:51",TATASTEEL,348732,665.75
156001,"2018-03-05 09:17:52",BIOCON,79415,631.65
156007,"2018-03-05 09:17:52",BIOCON,79715,631.5
156004,"2018-03-05 09:17:52",INFY,206386,1163
156002,"2018-03-05 09:17:52",MARUTI,23615,8827
156008,"2018-03-05 09:17:52",MARUTI,23715,8830
156005,"2018-03-05 09:17:52",RELIANCE,371437,944
156006,"2018-03-05 09:17:52",TATAMOTORS,264283,365.85
156003,"2018-03-05 09:17:52",TATASTEEL,348920,665.7
156009,"2018-03-05 09:17:52",VEDL,385057,317.95
156018,"2018-03-05 09:17:53",BHARTIARTL,114999,424.6
156013,"2018-03-05 09:17:53",INFY,207400,1162.85
156016,"2018-03-05 09:17:53",MARUTI,23769,8827
156014,"2018-03-05 09:17:53",RELCAPITAL,100209,456.55
156011,"2018-03-05 09:17:53",RELIANCE,372928,943.95
156015,"2018-03-05 09:17:53",TATAMOTORS,269391,365.75
156010,"2018-03-05 09:17:53",TATASTEEL,351185,665.7
156012,"2018-03-05 09:17:53",TCS,65406,3048
156017,"2018-03-05 09:17:53",VEDL,385657,318
156026,"2018-03-05 09:17:54",BHARTIARTL,115732,424.4
156019,"2018-03-05 09:17:54",BIOCON,79735,631.9
156022,"2018-03-05 09:17:54",INFY,207593,1162.6
156027,"2018-03-05 09:17:54",MARUTI,24111,8827
156023,"2018-03-05 09:17:54",RELIANCE,373618,944
156024,"2018-03-05 09:17:54",RELIANCE,374000,943.95
156025,"2018-03-05 09:17:54",TATAMOTORS,272521,365.75
156020,"2018-03-05 09:17:54",TATASTEEL,351625,665.55
156021,"2018-03-05 09:17:54",VEDL,386167,317.9
156033,"2018-03-05 09:17:55",BHARTIARTL,116333,424.3
156028,"2018-03-05 09:17:55",BIOCON,80421,631.7
156034,"2018-03-05 09:17:55",INFY,207747,1162.1
156031,"2018-03-05 09:17:55",RELCAPITAL,101717,457.25
156035,"2018-03-05 09:17:55",TATAMOTORS,273736,365.9
156029,"2018-03-05 09:17:55",TATASTEEL,352426,665.65
156032,"2018-03-05 09:17:55",TCS,65552,3047.8
156030,"2018-03-05 09:17:55",VEDL,388667,318
156038,"2018-03-05 09:17:56",BHARTIARTL,116361,424.3
156039,"2018-03-05 09:17:56",BIOCON,81436,631.5
156037,"2018-03-05 09:17:56",RELCAPITAL,102408,456.95
156041,"2018-03-05 09:17:56",RELIANCE,375542,943.95
156042,"2018-03-05 09:17:56",TATAMOTORS,274303,365.85
156036,"2018-03-05 09:17:56",TATASTEEL,352768,665.5
156043,"2018-03-05 09:17:56",TCS,65573,3047.75
156040,"2018-03-05 09:17:56",VEDL,389227,317.65
156052,"2018-03-05 09:17:57",BIOCON,81664,631.5
156047,"2018-03-05 09:17:57",INFY,208101,1162.4
156044,"2018-03-05 09:17:57",MARUTI,24361,8827.1
156048,"2018-03-05 09:17:57",RELCAPITAL,103001,457
156050,"2018-03-05 09:17:57",RELIANCE,376836,944
156051,"2018-03-05 09:17:57",TATAMOTORS,276305,365.9
156045,"2018-03-05 09:17:57",TATASTEEL,353097,665.4
156049,"2018-03-05 09:17:57",TCS,65856,3046.95
156046,"2018-03-05 09:17:57",VEDL,389377,317.65
156053,"2018-03-05 09:17:58",MARUTI,24413,8827.5
156056,"2018-03-05 09:17:58",MARUTI,24435,8829.9
156055,"2018-03-05 09:17:58",RELIANCE,377068,943.95
156057,"2018-03-05 09:17:58",TATASTEEL,353515,665.35
156054,"2018-03-05 09:17:58",TCS,65980,3047
156060,"2018-03-05 09:17:59",BIOCON,82235,631.5
156064,"2018-03-05 09:17:59",BIOCON,82338,631.85
156061,"2018-03-05 09:17:59",INFY,208909,1162.4
156058,"2018-03-05 09:17:59",RELCAPITAL,103262,457.4
156062,"2018-03-05 09:17:59",RELCAPITAL,103375,457.1
156059,"2018-03-05 09:17:59",TATAMOTORS,276555,365.7
156065,"2018-03-05 09:17:59",TATASTEEL,354295,665.2
156063,"2018-03-05 09:17:59",VEDL,389671,317.8
156068,"2018-03-05 09:18:00",BHARTIARTL,116586,424.25
156071,"2018-03-05 09:18:00",BIOCON,82524,632.15
156073,"2018-03-05 09:18:00",INFY,209357,1162.25
156069,"2018-03-05 09:18:00",MARUTI,24556,8827.1
156074,"2018-03-05 09:18:00",RELCAPITAL,103533,457.4
156066,"2018-03-05 09:18:00",RELIANCE,378384,943.9
156070,"2018-03-05 09:18:00",TATASTEEL,355723,665.2
156072,"2018-03-05 09:18:00",TCS,66013,3047
156067,"2018-03-05 09:18:00",VEDL,390837,317.65
156075,"2018-03-05 09:18:01",BHARTIARTL,117846,424.65
156078,"2018-03-05 09:18:01",INFY,209902,1162.25
156079,"2018-03-05 09:18:01",MARUTI,24759,8828
156077,"2018-03-05 09:18:01",TATAMOTORS,278127,365.75
156080,"2018-03-05 09:18:01",TATASTEEL,356861,665.2
156076,"2018-03-05 09:18:01",VEDL,391637,317.65
156084,"2018-03-05 09:18:02",BIOCON,82984,631.8
156085,"2018-03-05 09:18:02",MARUTI,25080,8828.7
156082,"2018-03-05 09:18:02",RELIANCE,379013,943.9
156083,"2018-03-05 09:18:02",TATAMOTORS,279446,365.75
156086,"2018-03-05 09:18:02",TATASTEEL,360004,665.2
156081,"2018-03-05 09:18:02",TCS,66219,3047
156087,"2018-03-05 09:18:02",VEDL,393257,317.9
156088,"2018-03-05 09:18:03",BHARTIARTL,121504,424.4
156091,"2018-03-05 09:18:03",INFY,211502,1162.35
156092,"2018-03-05 09:18:03",RELCAPITAL,106235,457.05
156093,"2018-03-05 09:18:03",TATAMOTORS,279746,365.7
156089,"2018-03-05 09:18:03",TATASTEEL,365616,664.1
156090,"2018-03-05 09:18:03",VEDL,393757,317.9
156097,"2018-03-05 09:18:04",BHARTIARTL,121535,424.6
156102,"2018-03-05 09:18:04",BIOCON,83609,631.95
156099,"2018-03-05 09:18:04",INFY,212374,1162.35
156095,"2018-03-05 09:18:04",MARUTI,25320,8828.1
156103,"2018-03-05 09:18:04",MARUTI,25469,8828.4
156094,"2018-03-05 09:18:04",RELIANCE,379488,943.9
156100,"2018-03-05 09:18:04",RELIANCE,381793,943.9
156101,"2018-03-05 09:18:04",TATAMOTORS,281729,365.7
156096,"2018-03-05 09:18:04",TATASTEEL,366881,664.6
156098,"2018-03-05 09:18:04",TCS,66275,3047
156104,"2018-03-05 09:18:04",VEDL,394662,317.9
156107,"2018-03-05 09:18:05",BHARTIARTL,121829,424.45
156108,"2018-03-05 09:18:05",BIOCON,83664,631.85
156110,"2018-03-05 09:18:05",INFY,212531,1162.4
156105,"2018-03-05 09:18:05",RELCAPITAL,106317,457.5
156111,"2018-03-05 09:18:05",RELIANCE,382801,943.85
156109,"2018-03-05 09:18:05",TATAMOTORS,282161,365.7
156106,"2018-03-05 09:18:05",TATASTEEL,369014,664.5
156115,"2018-03-05 09:18:06",BIOCON,83689,631.85
156112,"2018-03-05 09:18:06",MARUTI,25956,8828.1
156116,"2018-03-05 09:18:06",RELIANCE,383259,944
156117,"2018-03-05 09:18:06",TATAMOTORS,282286,365.7
156114,"2018-03-05 09:18:06",TCS,66327,3047
156113,"2018-03-05 09:18:06",VEDL,395287,317.85
156118,"2018-03-05 09:18:07",BHARTIARTL,122861,424.15
156124,"2018-03-05 09:18:07",BIOCON,84049,631.85
156122,"2018-03-05 09:18:07",INFY,213089,1162.4
156119,"2018-03-05 09:18:07",MARUTI,26101,8828.1
156125,"2018-03-05 09:18:07",MARUTI,26212,8828.1
156123,"2018-03-05 09:18:07",RELCAPITAL,106678,457.6
156126,"2018-03-05 09:18:07",TATAMOTORS,283611,365.8
156120,"2018-03-05 09:18:07",TATASTEEL,369171,664.6
156127,"2018-03-05 09:18:07",TCS,66409,3046.85
156121,"2018-03-05 09:18:07",VEDL,395668,317.95
156132,"2018-03-05 09:18:08",BHARTIARTL,122969,424.15
156130,"2018-03-05 09:18:08",INFY,214979,1162.9
156131,"2018-03-05 09:18:08",RELCAPITAL,107084,457.6
156133,"2018-03-05 09:18:08",TATAMOTORS,283863,365.65
156128,"2018-03-05 09:18:08",TATASTEEL,369408,664.7
156129,"2018-03-05 09:18:08",VEDL,396324,317.85
156141,"2018-03-05 09:18:09",BHARTIARTL,123758,424
156137,"2018-03-05 09:18:09",BIOCON,84549,631.9
156142,"2018-03-05 09:18:09",BIOCON,84654,631.55
156134,"2018-03-05 09:18:09",INFY,215109,1163
156138,"2018-03-05 09:18:09",MARUTI,26304,8828.25
156135,"2018-03-05 09:18:09",RELCAPITAL,110260,458.35
156139,"2018-03-05 09:18:09",TATASTEEL,370697,664.7
156140,"2018-03-05 09:18:09",TCS,66495,3046.25
156136,"2018-03-05 09:18:09",VEDL,396899,317.9
156148,"2018-03-05 09:18:10",BHARTIARTL,124015,424.45
156149,"2018-03-05 09:18:10",BIOCON,88654,632
156151,"2018-03-05 09:18:10",INFY,215875,1162.9
156145,"2018-03-05 09:18:10",MARUTI,26350,8828.1
156143,"2018-03-05 09:18:10",RELCAPITAL,110520,458.15
156144,"2018-03-05 09:18:10",TATAMOTORS,283963,365.8
156146,"2018-03-05 09:18:10",TATASTEEL,370908,664.6
156150,"2018-03-05 09:18:10",TCS,66547,3046.85
156147,"2018-03-05 09:18:10",VEDL,409752,318.1
156156,"2018-03-05 09:18:11",BIOCON,88699,631.75
156153,"2018-03-05 09:18:11",INFY,216217,1162.95
156152,"2018-03-05 09:18:11",MARUTI,26361,8827.3
156154,"2018-03-05 09:18:11",RELCAPITAL,112466,458.5
156157,"2018-03-05 09:18:11",TATASTEEL,372105,664.55
156155,"2018-03-05 09:18:11",TCS,66829,3045.7
156158,"2018-03-05 09:18:11",VEDL,411303,318.1
156159,"2018-03-05 09:18:12",BHARTIARTL,124755,424.75
156163,"2018-03-05 09:18:12",BIOCON,89699,631.5
156161,"2018-03-05 09:18:12",RELCAPITAL,114581,458.5
156160,"2018-03-05 09:18:12",RELIANCE,383760,944
156162,"2018-03-05 09:18:12",TATAMOTORS,284374,365.75
156164,"2018-03-05 09:18:12",TATASTEEL,375180,664.55
156165,"2018-03-05 09:18:12",VEDL,420506,318.45
156172,"2018-03-05 09:18:13",BIOCON,90399,631.95
156167,"2018-03-05 09:18:13",INFY,216647,1162.95
156170,"2018-03-05 09:18:13",MARUTI,26388,8827.1
156173,"2018-03-05 09:18:13",MARUTI,26466,8827.1
156171,"2018-03-05 09:18:13",RELCAPITAL,115241,458.55
156168,"2018-03-05 09:18:13",RELIANCE,384039,944
156169,"2018-03-05 09:18:13",TATAMOTORS,284889,365.9
156174,"2018-03-05 09:18:13",TATASTEEL,375471,664.95
156166,"2018-03-05 09:18:13",TCS,66874,3046
156175,"2018-03-05 09:18:13",VEDL,420701,318.35
156180,"2018-03-05 09:18:14",BIOCON,90874,632.05
156177,"2018-03-05 09:18:14",INFY,216797,1163
156178,"2018-03-05 09:18:14",MARUTI,26512,8827.1
156181,"2018-03-05 09:18:14",RELIANCE,387860,944
156179,"2018-03-05 09:18:14",TATASTEEL,376590,664.85
156176,"2018-03-05 09:18:14",TCS,67335,3045
156187,"2018-03-05 09:18:15",BHARTIARTL,125055,424.3
156188,"2018-03-05 09:18:15",BIOCON,91948,631.9
156183,"2018-03-05 09:18:15",INFY,217036,1163
156185,"2018-03-05 09:18:15",MARUTI,26602,8827.1
156184,"2018-03-05 09:18:15",RELCAPITAL,115484,458.1
156186,"2018-03-05 09:18:15",TATASTEEL,379926,665
156182,"2018-03-05 09:18:15",TCS,67357,3046
156193,"2018-03-05 09:18:16",BHARTIARTL,126099,424.75
156194,"2018-03-05 09:18:16",MARUTI,26714,8827.1
156189,"2018-03-05 09:18:16",RELCAPITAL,115894,458
156196,"2018-03-05 09:18:16",RELIANCE,388833,944
156190,"2018-03-05 09:18:16",TATAMOTORS,286523,365.75
156195,"2018-03-05 09:18:16",TATASTEEL,382317,665.1
156191,"2018-03-05 09:18:16",TCS,67633,3045.75
156192,"2018-03-05 09:18:16",VEDL,420951,318.4
156202,"2018-03-05 09:18:17",BIOCON,92612,631.8
156203,"2018-03-05 09:18:17",INFY,217122,1163
156197,"2018-03-05 09:18:17",RELCAPITAL,116734,458.35
156198,"2018-03-05 09:18:17",TATAMOTORS,287543,365.7
156201,"2018-03-05 09:18:17",TATASTEEL,383198,665.1
156199,"2018-03-05 09:18:17",TCS,67726,3045.75
156200,"2018-03-05 09:18:17",VEDL,421501,318.5
156204,"2018-03-05 09:18:18",INFY,217374,1163
156207,"2018-03-05 09:18:18",MARUTI,26891,8827.5
156205,"2018-03-05 09:18:18",RELCAPITAL,117029,458.45
156206,"2018-03-05 09:18:18",RELIANCE,389623,943.95
156210,"2018-03-05 09:18:18",TATAMOTORS,288810,365.75
156209,"2018-03-05 09:18:18",TATASTEEL,389550,664.15
156208,"2018-03-05 09:18:18",VEDL,423167,318.5
156211,"2018-03-05 09:18:19",BHARTIARTL,126256,424.65
156212,"2018-03-05 09:18:19",BIOCON,92766,631.8
156220,"2018-03-05 09:18:19",BIOCON,92880,631.7
156213,"2018-03-05 09:18:19",MARUTI,26936,8827.3
156217,"2018-03-05 09:18:19",RELCAPITAL,117334,458.45
156216,"2018-03-05 09:18:19",RELIANCE,390081,944
156218,"2018-03-05 09:18:19",TATAMOTORS,289310,365.75
156214,"2018-03-05 09:18:19",TATASTEEL,391600,664.8
156215,"2018-03-05 09:18:19",TCS,67788,3046.2
156219,"2018-03-05 09:18:19",VEDL,423377,318.5
156222,"2018-03-05 09:18:20",BHARTIARTL,127969,424.65
156228,"2018-03-05 09:18:20",BIOCON,92971,631.75
156225,"2018-03-05 09:18:20",INFY,217610,1163
156223,"2018-03-05 09:18:20",MARUTI,26998,8827.3
156226,"2018-03-05 09:18:20",RELCAPITAL,118285,458.65
156221,"2018-03-05 09:18:20",RELIANCE,391160,944
156227,"2018-03-05 09:18:20",TATAMOTORS,291431,365.85
156224,"2018-03-05 09:18:20",TATASTEEL,393076,664.8
156231,"2018-03-05 09:18:21",BHARTIARTL,129089,424.75
156229,"2018-03-05 09:18:21",INFY,218191,1163.1
156232,"2018-03-05 09:18:21",MARUTI,27368,8827.3
156230,"2018-03-05 09:18:21",RELIANCE,391779,943.95
156234,"2018-03-05 09:18:21",TATAMOTORS,291758,365.8
156233,"2018-03-05 09:18:21",TATASTEEL,393596,665
156235,"2018-03-05 09:18:21",VEDL,426601,318.5
156238,"2018-03-05 09:18:22",BIOCON,93392,632
156242,"2018-03-05 09:18:22",INFY,219664,1163.1
156240,"2018-03-05 09:18:22",MARUTI,27475,8827.3
156236,"2018-03-05 09:18:22",RELCAPITAL,118445,458.5
156237,"2018-03-05 09:18:22",RELIANCE,391923,944
156243,"2018-03-05 09:18:22",TATAMOTORS,291858,365.9
156239,"2018-03-05 09:18:22",TATASTEEL,393796,665.15
156241,"2018-03-05 09:18:22",VEDL,426705,318.65
156245,"2018-03-05 09:18:23",BIOCON,211376,630.2
156249,"2018-03-05 09:18:23",INFY,220726,1163.65
156244,"2018-03-05 09:18:23",RELCAPITAL,118496,458.5
156247,"2018-03-05 09:18:23",RELIANCE,392723,944
156248,"2018-03-05 09:18:23",TATAMOTORS,292908,365.9
156246,"2018-03-05 09:18:23",TATASTEEL,395041,664.85
156250,"2018-03-05 09:18:23",VEDL,427226,318.85
156251,"2018-03-05 09:18:24",BHARTIARTL,130175,424.6
156252,"2018-03-05 09:18:24",BIOCON,213739,629.75
156255,"2018-03-05 09:18:24",INFY,221387,1163.05
156253,"2018-03-05 09:18:24",MARUTI,27534,8826.7
156256,"2018-03-05 09:18:24",RELCAPITAL,119064,458.5
156258,"2018-03-05 09:18:24",RELIANCE,392921,943.95
156259,"2018-03-05 09:18:24",TATAMOTORS,293065,365.9
156254,"2018-03-05 09:18:24",TATASTEEL,395480,665
156257,"2018-03-05 09:18:24",TCS,67820,3046.15
156263,"2018-03-05 09:18:25",BIOCON,216439,629.8
156264,"2018-03-05 09:18:25",INFY,221762,1163.3
156260,"2018-03-05 09:18:25",MARUTI,27641,8825.95
156266,"2018-03-05 09:18:25",MARUTI,27654,8825.95
156265,"2018-03-05 09:18:25",RELCAPITAL,119250,458.65
156267,"2018-03-05 09:18:25",RELIANCE,395550,944
156268,"2018-03-05 09:18:25",TATAMOTORS,293345,365.85
156261,"2018-03-05 09:18:25",TATASTEEL,395627,665.05
156262,"2018-03-05 09:18:25",VEDL,427429,318.55
156272,"2018-03-05 09:18:26",INFY,222182,1163.2
156269,"2018-03-05 09:18:26",RELCAPITAL,119940,458.5
156273,"2018-03-05 09:18:26",TATAMOTORS,293451,366
156270,"2018-03-05 09:18:26",TATASTEEL,395909,665
156271,"2018-03-05 09:18:26",VEDL,428834,318.85
156281,"2018-03-05 09:18:27",BHARTIARTL,130230,424.45
156274,"2018-03-05 09:18:27",BIOCON,216909,630.3
156280,"2018-03-05 09:18:27",INFY,222507,1163.35
156275,"2018-03-05 09:18:27",MARUTI,27680,8826.05
156278,"2018-03-05 09:18:27",RELCAPITAL,120268,458.5
156279,"2018-03-05 09:18:27",RELIANCE,395851,943.95
156276,"2018-03-05 09:18:27",TATASTEEL,397040,665
156277,"2018-03-05 09:18:27",VEDL,429634,318.6
156289,"2018-03-05 09:18:28",BHARTIARTL,130630,424.8
156290,"2018-03-05 09:18:28",BIOCON,217150,630.4
156284,"2018-03-05 09:18:28",MARUTI,27732,8826.7
156282,"2018-03-05 09:18:28",RELCAPITAL,121534,458.45
156283,"2018-03-05 09:18:28",RELIANCE,396815,944
156287,"2018-03-05 09:18:28",TATAMOTORS,293821,366
156285,"2018-03-05 09:18:28",TATASTEEL,397814,664.95
156288,"2018-03-05 09:18:28",TCS,67835,3046.15
156286,"2018-03-05 09:18:28",VEDL,429986,318.6
156294,"2018-03-05 09:18:29",INFY,223121,1163.35
156291,"2018-03-05 09:18:29",MARUTI,27782,8826.7
156293,"2018-03-05 09:18:29",RELCAPITAL,121776,458.45
156296,"2018-03-05 09:18:29",RELCAPITAL,121951,458.65
156295,"2018-03-05 09:18:29",TATASTEEL,398712,664.75
156297,"2018-03-05 09:18:29",TCS,67930,3045.7
156292,"2018-03-05 09:18:29",VEDL,430536,318.75
156300,"2018-03-05 09:18:30",BHARTIARTL,130680,424.7
156301,"2018-03-05 09:18:30",BIOCON,217343,630.05
156304,"2018-03-05 09:18:30",BIOCON,217543,630.55
156298,"2018-03-05 09:18:30",INFY,224876,1163.15
156302,"2018-03-05 09:18:30",MARUTI,27818,8826.7
156305,"2018-03-05 09:18:30",RELCAPITAL,122801,458.4
156299,"2018-03-05 09:18:30",TATAMOTORS,294821,365.85
156303,"2018-03-05 09:18:30",VEDL,436731,318.6
156311,"2018-03-05 09:18:31",INFY,224946,1163.45
156308,"2018-03-05 09:18:31",MARUTI,27863,8826.05
156312,"2018-03-05 09:18:31",RELCAPITAL,123423,458.75
156306,"2018-03-05 09:18:31",RELIANCE,397328,944.1
156313,"2018-03-05 09:18:31",RELIANCE,398232,944
156307,"2018-03-05 09:18:31",TATAMOTORS,294926,365.95
156310,"2018-03-05 09:18:31",TATASTEEL,402363,665
156309,"2018-03-05 09:18:31",VEDL,438231,318.55
156315,"2018-03-05 09:18:32",BIOCON,223259,630.55
156317,"2018-03-05 09:18:32",INFY,226248,1163.45
156314,"2018-03-05 09:18:32",MARUTI,27889,8826.7
156318,"2018-03-05 09:18:32",RELCAPITAL,123533,458.5
156316,"2018-03-05 09:18:32",TATAMOTORS,294995,365.9
156319,"2018-03-05 09:18:32",TATASTEEL,402956,665.15
156320,"2018-03-05 09:18:32",VEDL,438533,318.75
156321,"2018-03-05 09:18:33",MARUTI,28100,8826
156326,"2018-03-05 09:18:33",RELCAPITAL,125896,458.55
156324,"2018-03-05 09:18:33",RELIANCE,398665,944
156325,"2018-03-05 09:18:33",TATAMOTORS,299576,365.65
156322,"2018-03-05 09:18:33",TATASTEEL,403226,665.15
156327,"2018-03-05 09:18:33",TCS,67951,3046
156323,"2018-03-05 09:18:33",VEDL,441415,318.85
156330,"2018-03-05 09:18:34",BIOCON,223979,630.55
156328,"2018-03-05 09:18:34",INFY,226479,1163.5
156331,"2018-03-05 09:18:34",MARUTI,28107,8826
156334,"2018-03-05 09:18:34",RELCAPITAL,126076,458.5
156329,"2018-03-05 09:18:34",TATAMOTORS,301376,365.5
156332,"2018-03-05 09:18:34",TATASTEEL,404021,665.1
156333,"2018-03-05 09:18:34",VEDL,441755,319
156335,"2018-03-05 09:18:35",INFY,227730,1163.45
156336,"2018-03-05 09:18:35",RELIANCE,400288,944.1
156337,"2018-03-05 09:18:35",TATAMOTORS,301615,365.65
156346,"2018-03-05 09:18:36",BHARTIARTL,130843,424.55
156347,"2018-03-05 09:18:36",BIOCON,224835,630.2
156342,"2018-03-05 09:18:36",INFY,228374,1163.5
156338,"2018-03-05 09:18:36",MARUTI,28145,8826
156343,"2018-03-05 09:18:36",RELCAPITAL,126552,458.8
156344,"2018-03-05 09:18:36",RELIANCE,400862,944.1
156351,"2018-03-05 09:18:36",RELIANCE,401064,944.05
156345,"2018-03-05 09:18:36",TATAMOTORS,303365,365.7
156339,"2018-03-05 09:18:36",TATASTEEL,405056,665.1
156348,"2018-03-05 09:18:36",TATASTEEL,406785,665.25
156341,"2018-03-05 09:18:36",TCS,68280,3045
156350,"2018-03-05 09:18:36",TCS,68386,3045
156340,"2018-03-05 09:18:36",VEDL,444005,318.85
156349,"2018-03-05 09:18:36",VEDL,444765,318.75
156354,"2018-03-05 09:18:37",BIOCON,224955,630.15
156355,"2018-03-05 09:18:37",INFY,229183,1163.4
156353,"2018-03-05 09:18:37",RELCAPITAL,127527,458.85
156356,"2018-03-05 09:18:37",RELCAPITAL,127627,458.9
156357,"2018-03-05 09:18:37",RELIANCE,401269,944.05
156352,"2018-03-05 09:18:37",TATAMOTORS,303521,365.65
156359,"2018-03-05 09:18:37",TATASTEEL,407242,665.1
156358,"2018-03-05 09:18:37",VEDL,445627,318.95
156365,"2018-03-05 09:18:38",BHARTIARTL,131144,424.8
156362,"2018-03-05 09:18:38",INFY,230678,1163.05
156360,"2018-03-05 09:18:38",MARUTI,28228,8826.65
156361,"2018-03-05 09:18:38",TATAMOTORS,303748,365.75
156363,"2018-03-05 09:18:38",TATASTEEL,408162,665.1
156364,"2018-03-05 09:18:38",VEDL,445877,318.75
156367,"2018-03-05 09:18:39",BHARTIARTL,132622,424.55
156368,"2018-03-05 09:18:39",BIOCON,227340,629.95
156369,"2018-03-05 09:18:39",RELCAPITAL,128701,458.85
156366,"2018-03-05 09:18:39",TATASTEEL,409204,664.85
156370,"2018-03-05 09:18:39",TCS,68441,3045
156371,"2018-03-05 09:18:40",BIOCON,228390,629.7
156375,"2018-03-05 09:18:40",INFY,231176,1163.2
156372,"2018-03-05 09:18:40",MARUTI,28243,8826
156376,"2018-03-05 09:18:40",MARUTI,28338,8826.65
156379,"2018-03-05 09:18:40",RELCAPITAL,129327,458.6
156373,"2018-03-05 09:18:40",RELIANCE,401379,944.05
156374,"2018-03-05 09:18:40",TATAMOTORS,306489,365.7
156377,"2018-03-05 09:18:40",TATASTEEL,410389,664.85
156378,"2018-03-05 09:18:40",VEDL,446194,318.7
156382,"2018-03-05 09:18:41",BIOCON,228550,630
156381,"2018-03-05 09:18:41",INFY,231486,1163
156383,"2018-03-05 09:18:41",MARUTI,28410,8826
156386,"2018-03-05 09:18:41",RELIANCE,402922,944.05
156380,"2018-03-05 09:18:41",TATAMOTORS,307266,365.6
156384,"2018-03-05 09:18:41",TATASTEEL,411067,664.75
156387,"2018-03-05 09:18:41",TCS,68469,3045
156385,"2018-03-05 09:18:41",VEDL,446884,318.7
156391,"2018-03-05 09:18:42",BHARTIARTL,132855,424.4
156395,"2018-03-05 09:18:42",BIOCON,228611,629.65
156388,"2018-03-05 09:18:42",INFY,231893,1163.3
156389,"2018-03-05 09:18:42",RELCAPITAL,130101,458.5
156390,"2018-03-05 09:18:42",TATAMOTORS,312871,365.35
156392,"2018-03-05 09:18:42",TATASTEEL,411455,664.6
156394,"2018-03-05 09:18:42",TCS,68558,3044.8
156393,"2018-03-05 09:18:42",VEDL,447240,318.6
156397,"2018-03-05 09:18:43",BHARTIARTL,132907,424.55
156398,"2018-03-05 09:18:43",BIOCON,229432,630
156400,"2018-03-05 09:18:43",INFY,231970,1163.3
156396,"2018-03-05 09:18:43",TATAMOTORS,313291,365.5
156399,"2018-03-05 09:18:43",TATASTEEL,411650,664.9
156401,"2018-03-05 09:18:43",TCS,68633,3044.95
156406,"2018-03-05 09:18:44",BHARTIARTL,133038,424.4
156409,"2018-03-05 09:18:44",BIOCON,229492,630
156410,"2018-03-05 09:18:44",INFY,232560,1163.1
156405,"2018-03-05 09:18:44",MARUTI,28421,8826
156404,"2018-03-05 09:18:44",RELCAPITAL,130145,458.8
156402,"2018-03-05 09:18:44",RELIANCE,403205,944.1
156403,"2018-03-05 09:18:44",TATAMOTORS,313877,365.3
156407,"2018-03-05 09:18:44",TATASTEEL,412687,664.9
156408,"2018-03-05 09:18:44",VEDL,447760,318.85
156416,"2018-03-05 09:18:45",BIOCON,230192,629.9
156414,"2018-03-05 09:18:45",INFY,233686,1163.1
156411,"2018-03-05 09:18:45",MARUTI,28562,8825.95
156412,"2018-03-05 09:18:45",RELCAPITAL,130619,458.95
156413,"2018-03-05 09:18:45",RELIANCE,403967,944.1
156415,"2018-03-05 09:18:45",VEDL,448760,318.85
156419,"2018-03-05 09:18:46",BHARTIARTL,133463,424.25
156425,"2018-03-05 09:18:46",BIOCON,230452,629.6
156417,"2018-03-05 09:18:46",MARUTI,28689,8826
156422,"2018-03-05 09:18:46",RELCAPITAL,130694,458.5
156420,"2018-03-05 09:18:46",RELIANCE,404093,944.05
156423,"2018-03-05 09:18:46",RELIANCE,404193,944.1
156421,"2018-03-05 09:18:46",TATAMOTORS,314228,365.5
156418,"2018-03-05 09:18:46",TATASTEEL,413000,664.8
156424,"2018-03-05 09:18:46",VEDL,449060,318.7
156430,"2018-03-05 09:18:47",BIOCON,231557,630
156426,"2018-03-05 09:18:47",INFY,234494,1163.1
156427,"2018-03-05 09:18:47",MARUTI,28737,8826.05
156428,"2018-03-05 09:18:47",RELCAPITAL,130905,458.5
156429,"2018-03-05 09:18:47",TATAMOTORS,314578,365.3
156431,"2018-03-05 09:18:47",VEDL,449474,318.7
156439,"2018-03-05 09:18:48",BIOCON,231988,629.65
156433,"2018-03-05 09:18:48",INFY,235686,1163.1
156436,"2018-03-05 09:18:48",MARUTI,28840,8826
156440,"2018-03-05 09:18:48",RELCAPITAL,130940,458.65
156434,"2018-03-05 09:18:48",RELIANCE,405330,944.05
156435,"2018-03-05 09:18:48",TATAMOTORS,316344,365.3
156437,"2018-03-05 09:18:48",TATASTEEL,413858,664.8
156432,"2018-03-05 09:18:48",TCS,68790,3044.7
156438,"2018-03-05 09:18:48",VEDL,455039,318.5
156446,"2018-03-05 09:18:49",BIOCON,235884,630.2
156449,"2018-03-05 09:18:49",INFY,235891,1163
156441,"2018-03-05 09:18:49",MARUTI,28963,8826.05
156444,"2018-03-05 09:18:49",MARUTI,29064,8825.1
156447,"2018-03-05 09:18:49",RELIANCE,405880,944.1
156448,"2018-03-05 09:18:49",TATAMOTORS,316714,365.55
156442,"2018-03-05 09:18:49",TATASTEEL,414760,664.65
156443,"2018-03-05 09:18:49",TCS,68827,3044.7
156445,"2018-03-05 09:18:49",VEDL,455440,318.5
156451,"2018-03-05 09:18:50",INFY,236079,1163
156455,"2018-03-05 09:18:50",MARUTI,29100,8826
156452,"2018-03-05 09:18:50",RELIANCE,406180,944.1
156453,"2018-03-05 09:18:50",TATAMOTORS,316874,365.55
156450,"2018-03-05 09:18:50",TATASTEEL,415694,664.65
156454,"2018-03-05 09:18:50",TCS,69042,3044.6
156456,"2018-03-05 09:18:50",VEDL,463277,318.7
156458,"2018-03-05 09:18:51",BIOCON,236676,630.5
156457,"2018-03-05 09:18:51",TATASTEEL,416444,664.85
156459,"2018-03-05 09:18:51",TCS,69315,3044
156465,"2018-03-05 09:18:52",BIOCON,237094,630.05
156466,"2018-03-05 09:18:52",BIOCON,237144,630
156461,"2018-03-05 09:18:52",INFY,236285,1163
156463,"2018-03-05 09:18:52",MARUTI,29115,8826
156462,"2018-03-05 09:18:52",RELCAPITAL,133682,458.05
156460,"2018-03-05 09:18:52",TATAMOTORS,316984,365.5
156467,"2018-03-05 09:18:52",TATASTEEL,416658,664.7
156468,"2018-03-05 09:18:52",TCS,69347,3043.05
156464,"2018-03-05 09:18:52",VEDL,464703,318.6
156477,"2018-03-05 09:18:53",BHARTIARTL,133593,424.5
156469,"2018-03-05 09:18:53",INFY,236793,1163
156474,"2018-03-05 09:18:53",MARUTI,29160,8826
156470,"2018-03-05 09:18:53",RELCAPITAL,134182,458.5
156475,"2018-03-05 09:18:53",RELCAPITAL,134459,458.15
156471,"2018-03-05 09:18:53",RELIANCE,406297,944.1
156472,"2018-03-05 09:18:53",TATAMOTORS,317384,365.3
156478,"2018-03-05 09:18:53",TATASTEEL,416839,664.75
156476,"2018-03-05 09:18:53",TCS,69369,3043.45
156473,"2018-03-05 09:18:53",VEDL,464963,318.6
156487,"2018-03-05 09:18:54",BHARTIARTL,133893,424.5
156484,"2018-03-05 09:18:54",BIOCON,238344,630.9
156488,"2018-03-05 09:18:54",BIOCON,238552,629.95
156485,"2018-03-05 09:18:54",INFY,236953,1162.8
156481,"2018-03-05 09:18:54",MARUTI,29187,8826
156486,"2018-03-05 09:18:54",RELCAPITAL,134489,458.5
156479,"2018-03-05 09:18:54",RELIANCE,406403,944.05
156480,"2018-03-05 09:18:54",TATAMOTORS,322979,365.5
156482,"2018-03-05 09:18:54",TATASTEEL,417542,664.75
156483,"2018-03-05 09:18:54",VEDL,465553,318.8
156493,"2018-03-05 09:18:55",INFY,237228,1162.9
156491,"2018-03-05 09:18:55",MARUTI,29287,8826
156494,"2018-03-05 09:18:55",RELCAPITAL,134643,458.3
156489,"2018-03-05 09:18:55",RELIANCE,406497,944.1
156490,"2018-03-05 09:18:55",TATAMOTORS,323757,365.7
156496,"2018-03-05 09:18:55",TATASTEEL,417898,664.75
156495,"2018-03-05 09:18:55",TCS,69420,3044
156492,"2018-03-05 09:18:55",VEDL,468654,318.7
156498,"2018-03-05 09:18:56",BIOCON,239252,630.45
156502,"2018-03-05 09:18:56",INFY,240637,1162.7
156499,"2018-03-05 09:18:56",MARUTI,29329,8825.1
156497,"2018-03-05 09:18:56",RELIANCE,406933,944.1
156500,"2018-03-05 09:18:56",TATASTEEL,418151,664.75
156501,"2018-03-05 09:18:56",VEDL,469134,318.7
156507,"2018-03-05 09:18:57",BHARTIARTL,134103,424.5
156508,"2018-03-05 09:18:57",BIOCON,239450,630.05
156503,"2018-03-05 09:18:57",INFY,240901,1162.8
156504,"2018-03-05 09:18:57",RELCAPITAL,134743,458.5
156505,"2018-03-05 09:18:57",TATAMOTORS,323982,365.3
156506,"2018-03-05 09:18:57",TCS,69542,3043.4
156509,"2018-03-05 09:18:57",VEDL,470748,318.7
156510,"2018-03-05 09:18:58",BIOCON,240000,630.75
156515,"2018-03-05 09:18:58",INFY,241463,1162.8
156511,"2018-03-05 09:18:58",MARUTI,29350,8825.1
156513,"2018-03-05 09:18:58",RELCAPITAL,134833,458.5
156516,"2018-03-05 09:18:58",RELIANCE,407205,944.1
156517,"2018-03-05 09:18:58",TATAMOTORS,326442,365.55
156512,"2018-03-05 09:18:58",TATASTEEL,418571,664.6
156514,"2018-03-05 09:18:58",TCS,69562,3042.55
156524,"2018-03-05 09:18:59",INFY,242034,1162.8
156518,"2018-03-05 09:18:59",MARUTI,29376,8825.7
156520,"2018-03-05 09:18:59",RELCAPITAL,136857,458.5
156523,"2018-03-05 09:18:59",TATAMOTORS,329171,365.5
156519,"2018-03-05 09:18:59",TATASTEEL,418674,664.75
156521,"2018-03-05 09:18:59",TCS,69591,3042.5
156522,"2018-03-05 09:18:59",VEDL,471033,318.75
156527,"2018-03-05 09:19:00",BIOCON,240055,630.2
156531,"2018-03-05 09:19:00",INFY,242211,1162.5
156525,"2018-03-05 09:19:00",MARUTI,29458,8825.1
156528,"2018-03-05 09:19:00",RELCAPITAL,139143,458.5
156532,"2018-03-05 09:19:00",TATAMOTORS,330903,365.5
156526,"2018-03-05 09:19:00",TATASTEEL,418837,664.7
156530,"2018-03-05 09:19:00",TCS,69729,3040.5
156529,"2018-03-05 09:19:00",VEDL,471683,318.75
156534,"2018-03-05 09:19:01",BIOCON,240275,630.15
156537,"2018-03-05 09:19:01",BIOCON,241275,630
156535,"2018-03-05 09:19:01",MARUTI,29518,8825
156538,"2018-03-05 09:19:01",RELCAPITAL,139391,458.5
156533,"2018-03-05 09:19:01",RELIANCE,407410,944.05
156539,"2018-03-05 09:19:01",TATAMOTORS,331827,365.25
156536,"2018-03-05 09:19:01",TATASTEEL,419257,664.7
156540,"2018-03-05 09:19:01",TCS,70768,3042
156541,"2018-03-05 09:19:02",INFY,242945,1162.25
156548,"2018-03-05 09:19:02",MARUTI,29606,8822.45
156542,"2018-03-05 09:19:02",RELIANCE,407509,944.1
156545,"2018-03-05 09:19:02",TATAMOTORS,333628,365.25
156543,"2018-03-05 09:19:02",TATASTEEL,421644,664.8
156546,"2018-03-05 09:19:02",TCS,70970,3042.4
156544,"2018-03-05 09:19:02",VEDL,472613,318.7
156547,"2018-03-05 09:19:02",VEDL,472908,318.75
156549,"2018-03-05 09:19:03",BIOCON,241350,629.9
156550,"2018-03-05 09:19:03",RELCAPITAL,139521,458.2
156551,"2018-03-05 09:19:03",RELIANCE,415482,943.75
156552,"2018-03-05 09:19:03",TATASTEEL,422204,664.8
156555,"2018-03-05 09:19:04",BIOCON,241821,629.6
156557,"2018-03-05 09:19:04",INFY,247608,1162.6
156556,"2018-03-05 09:19:04",MARUTI,29818,8822.25
156553,"2018-03-05 09:19:04",RELCAPITAL,139783,458.5
156558,"2018-03-05 09:19:04",RELIANCE,415575,943.7
156554,"2018-03-05 09:19:04",TATAMOTORS,334184,365.25
156560,"2018-03-05 09:19:04",TATASTEEL,422664,664.75
156559,"2018-03-05 09:19:04",TCS,71028,3040.85
156561,"2018-03-05 09:19:05",MARUTI,29825,8821.05
156563,"2018-03-05 09:19:05",TATAMOTORS,347625,365
156562,"2018-03-05 09:19:05",VEDL,473064,318.75
156569,"2018-03-05 09:19:06",BHARTIARTL,134557,424.4
156573,"2018-03-05 09:19:06",BIOCON,242062,630.15
156565,"2018-03-05 09:19:06",INFY,247833,1162.85
156564,"2018-03-05 09:19:06",RELCAPITAL,141391,458.6
156572,"2018-03-05 09:19:06",RELCAPITAL,142940,458.6
156570,"2018-03-05 09:19:06",TATAMOTORS,348499,364.9
156566,"2018-03-05 09:19:06",TATASTEEL,423828,664.7
156567,"2018-03-05 09:19:06",TATASTEEL,427978,665
156571,"2018-03-05 09:19:06",TCS,71084,3040.8
156568,"2018-03-05 09:19:06",VEDL,473166,318.8
156574,"2018-03-05 09:19:07",BHARTIARTL,134702,424.35
156579,"2018-03-05 09:19:07",BIOCON,242316,630.4
156580,"2018-03-05 09:19:07",MARUTI,29917,8823.95
156576,"2018-03-05 09:19:07",RELIANCE,416179,943.65
156575,"2018-03-05 09:19:07",TATAMOTORS,349700,364.9
156577,"2018-03-05 09:19:07",TATASTEEL,428620,665
156581,"2018-03-05 09:19:07",TCS,71114,3040.8
156578,"2018-03-05 09:19:07",VEDL,489690,319.25
156588,"2018-03-05 09:19:08",BIOCON,242416,629.75
156582,"2018-03-05 09:19:08",INFY,248944,1162.8
156585,"2018-03-05 09:19:08",RELIANCE,416434,943.6
156583,"2018-03-05 09:19:08",TATAMOTORS,350081,364.85
156586,"2018-03-05 09:19:08",TATASTEEL,428861,665
156584,"2018-03-05 09:19:08",TCS,71526,3040.75
156587,"2018-03-05 09:19:08",VEDL,490495,319.25
156592,"2018-03-05 09:19:09",BIOCON,242496,629.65
156591,"2018-03-05 09:19:09",INFY,249072,1162.8
156590,"2018-03-05 09:19:09",TATAMOTORS,350885,364.85
156593,"2018-03-05 09:19:09",TATASTEEL,429122,664.95
156589,"2018-03-05 09:19:09",VEDL,491155,318.95
156597,"2018-03-05 09:19:10",BHARTIARTL,134878,424.5
156598,"2018-03-05 09:19:10",INFY,250959,1162.75
156594,"2018-03-05 09:19:10",RELCAPITAL,143064,458.65
156595,"2018-03-05 09:19:10",RELIANCE,416985,943.6
156596,"2018-03-05 09:19:10",TATAMOTORS,353550,364.8
156599,"2018-03-05 09:19:10",TATASTEEL,429869,664.95
156600,"2018-03-05 09:19:10",VEDL,491724,318.9
156607,"2018-03-05 09:19:11",BIOCON,242557,630
156604,"2018-03-05 09:19:11",INFY,251696,1162.6
156602,"2018-03-05 09:19:11",RELCAPITAL,143596,458.85
156603,"2018-03-05 09:19:11",RELIANCE,417111,943.6
156605,"2018-03-05 09:19:11",TATASTEEL,430151,664.95
156601,"2018-03-05 09:19:11",TCS,71667,3040.8
156606,"2018-03-05 09:19:11",VEDL,493725,319.2
156608,"2018-03-05 09:19:12",BHARTIARTL,135138,424.55
156611,"2018-03-05 09:19:12",INFY,252159,1162.3
156612,"2018-03-05 09:19:12",RELCAPITAL,144164,458.95
156613,"2018-03-05 09:19:12",TATAMOTORS,354538,364.75
156609,"2018-03-05 09:19:12",TCS,71693,3040.8
156610,"2018-03-05 09:19:12",VEDL,494925,318.95
156614,"2018-03-05 09:19:13",MARUTI,30113,8822
156619,"2018-03-05 09:19:13",RELCAPITAL,144284,458.7
156616,"2018-03-05 09:19:13",RELIANCE,417217,943.65
156618,"2018-03-05 09:19:13",TATAMOTORS,356074,364.7
156615,"2018-03-05 09:19:13",TATASTEEL,430621,664.95
156617,"2018-03-05 09:19:13",TCS,71713,3041
156620,"2018-03-05 09:19:13",VEDL,497145,319.2
156623,"2018-03-05 09:19:14",MARUTI,30227,8822
156625,"2018-03-05 09:19:14",RELCAPITAL,145724,459
156621,"2018-03-05 09:19:14",RELIANCE,417608,943.65
156626,"2018-03-05 09:19:14",TATAMOTORS,356211,364.7
156624,"2018-03-05 09:19:14",TATASTEEL,431287,664.95
156622,"2018-03-05 09:19:14",TCS,71773,3041
156627,"2018-03-05 09:19:14",VEDL,497695,319.2
156631,"2018-03-05 09:19:15",BIOCON,242700,629.95
156628,"2018-03-05 09:19:15",INFY,252238,1162.65
156633,"2018-03-05 09:19:15",RELIANCE,418829,943.7
156634,"2018-03-05 09:19:15",TATAMOTORS,356524,364.7
156630,"2018-03-05 09:19:15",TATASTEEL,432130,664.95
156629,"2018-03-05 09:19:15",TCS,72074,3041
156632,"2018-03-05 09:19:15",VEDL,497841,319.2
156636,"2018-03-05 09:19:16",BHARTIARTL,135413,424.7
156637,"2018-03-05 09:19:16",MARUTI,30292,8822
156638,"2018-03-05 09:19:16",RELCAPITAL,146146,458.8
156639,"2018-03-05 09:19:16",TATAMOTORS,358319,364.65
156635,"2018-03-05 09:19:16",TATASTEEL,432255,664.9
156640,"2018-03-05 09:19:16",TCS,72172,3041
156641,"2018-03-05 09:19:16",VEDL,498506,319
156644,"2018-03-05 09:19:17",BIOCON,243200,629.95
156645,"2018-03-05 09:19:17",RELCAPITAL,146676,459
156646,"2018-03-05 09:19:17",TATAMOTORS,358563,364.8
156642,"2018-03-05 09:19:17",TATASTEEL,432874,665
156643,"2018-03-05 09:19:17",VEDL,498931,318.95
156649,"2018-03-05 09:19:18",BHARTIARTL,135655,424.7
156650,"2018-03-05 09:19:18",BIOCON,243419,629.6
156651,"2018-03-05 09:19:18",MARUTI,30324,8822
156652,"2018-03-05 09:19:18",RELCAPITAL,146898,459.2
156653,"2018-03-05 09:19:18",TATAMOTORS,363393,364.8
156647,"2018-03-05 09:19:18",TATASTEEL,435005,665
156648,"2018-03-05 09:19:18",VEDL,500485,318.9
156656,"2018-03-05 09:19:19",INFY,252496,1162.4
156657,"2018-03-05 09:19:19",RELCAPITAL,147000,459
156654,"2018-03-05 09:19:19",TATASTEEL,435411,664.85
156655,"2018-03-05 09:19:19",VEDL,502181,319.05
156663,"2018-03-05 09:19:20",BIOCON,243749,629.9
156662,"2018-03-05 09:19:20",INFY,252768,1162.1
156664,"2018-03-05 09:19:20",MARUTI,30424,8822
156658,"2018-03-05 09:19:20",RELIANCE,419032,943.7
156659,"2018-03-05 09:19:20",TATAMOTORS,366119,365
156661,"2018-03-05 09:19:20",TCS,72443,3041
156660,"2018-03-05 09:19:20",VEDL,502352,319
156668,"2018-03-05 09:19:21",INFY,252824,1162.3
156667,"2018-03-05 09:19:21",MARUTI,30503,8820
156665,"2018-03-05 09:19:21",TATAMOTORS,366347,364.95
156666,"2018-03-05 09:19:21",TATASTEEL,435599,664.9
156670,"2018-03-05 09:19:22",BHARTIARTL,135767,424.7
156673,"2018-03-05 09:19:22",BIOCON,243887,629.6
156671,"2018-03-05 09:19:22",TATAMOTORS,366643,365
156674,"2018-03-05 09:19:22",TATASTEEL,435908,664.95
156672,"2018-03-05 09:19:22",TCS,72458,3041
156669,"2018-03-05 09:19:22",VEDL,503428,319.05
156677,"2018-03-05 09:19:23",MARUTI,30532,8822
156679,"2018-03-05 09:19:23",RELIANCE,419127,943.75
156675,"2018-03-05 09:19:23",TATAMOTORS,368281,365
156676,"2018-03-05 09:19:23",TATASTEEL,436034,664.95
156678,"2018-03-05 09:19:23",TCS,72631,3041.65
156683,"2018-03-05 09:19:24",BHARTIARTL,136167,424.8
156684,"2018-03-05 09:19:24",BIOCON,244012,629.6
156681,"2018-03-05 09:19:24",RELCAPITAL,147742,459.25
156680,"2018-03-05 09:19:24",TATASTEEL,436614,664.9
156682,"2018-03-05 09:19:24",TCS,72655,3041.2
156689,"2018-03-05 09:19:25",BHARTIARTL,138931,425.55
156687,"2018-03-05 09:19:25",INFY,253101,1162.3
156686,"2018-03-05 09:19:25",MARUTI,30587,8822
156688,"2018-03-05 09:19:25",RELCAPITAL,149178,459.45
156691,"2018-03-05 09:19:25",RELIANCE,419279,943.75
156690,"2018-03-05 09:19:25",TATASTEEL,437204,665
156685,"2018-03-05 09:19:25",VEDL,503984,318.95
156694,"2018-03-05 09:19:26",BHARTIARTL,139018,425.5
156697,"2018-03-05 09:19:26",INFY,253677,1161.55
156692,"2018-03-05 09:19:26",RELCAPITAL,149488,459.5
156693,"2018-03-05 09:19:26",TATAMOTORS,370152,365.2
156695,"2018-03-05 09:19:26",TATASTEEL,438928,664.85
156696,"2018-03-05 09:19:26",VEDL,504120,318.95
156699,"2018-03-05 09:19:27",BIOCON,244152,629.6
156700,"2018-03-05 09:19:27",RELCAPITAL,149693,459.25
156701,"2018-03-05 09:19:27",TATAMOTORS,370952,364.95
156702,"2018-03-05 09:19:27",TATASTEEL,439437,664.7
156698,"2018-03-05 09:19:27",VEDL,505560,318.85
156703,"2018-03-05 09:19:28",BIOCON,244266,629.6
156704,"2018-03-05 09:19:28",MARUTI,30594,8822
156709,"2018-03-05 09:19:28",RELCAPITAL,149778,459.3
156705,"2018-03-05 09:19:28",RELIANCE,419379,943.75
156706,"2018-03-05 09:19:28",TATAMOTORS,371622,365.15
156707,"2018-03-05 09:19:28",TATASTEEL,440066,664.8
156708,"2018-03-05 09:19:28",VEDL,508596,319
156710,"2018-03-05 09:19:29",BIOCON,244766,629.95
156713,"2018-03-05 09:19:29",BIOCON,244966,630
156715,"2018-03-05 09:19:29",INFY,253877,1162.05
156711,"2018-03-05 09:19:29",MARUTI,30655,8822
156716,"2018-03-05 09:19:29",RELCAPITAL,150128,459.4
156717,"2018-03-05 09:19:29",TATAMOTORS,372756,364.95
156714,"2018-03-05 09:19:29",TATASTEEL,441169,664.7
156712,"2018-03-05 09:19:29",TCS,72795,3041.85
156722,"2018-03-05 09:19:30",MARUTI,30705,8822
156720,"2018-03-05 09:19:30",TATAMOTORS,375066,365.2
156719,"2018-03-05 09:19:30",TATASTEEL,441334,664.7
156718,"2018-03-05 09:19:30",TCS,72813,3041.85
156721,"2018-03-05 09:19:30",VEDL,508891,319
156723,"2018-03-05 09:19:31",BHARTIARTL,139177,425.15
156724,"2018-03-05 09:19:31",BIOCON,245156,629.6
156726,"2018-03-05 09:19:31",BIOCON,245613,629.6
156725,"2018-03-05 09:19:31",INFY,254463,1161.75
156729,"2018-03-05 09:19:31",INFY,254963,1161.5
156727,"2018-03-05 09:19:31",MARUTI,30811,8820.6
156730,"2018-03-05 09:19:31",RELIANCE,419622,943.75
156731,"2018-03-05 09:19:31",TATAMOTORS,377522,364.9
156728,"2018-03-05 09:19:31",VEDL,528772,319.2
156734,"2018-03-05 09:19:32",INFY,255019,1161.5
156732,"2018-03-05 09:19:32",RELCAPITAL,150498,459.05
156735,"2018-03-05 09:19:32",RELIANCE,419777,943.75
156736,"2018-03-05 09:19:32",TATAMOTORS,377964,365.15
156733,"2018-03-05 09:19:32",TATASTEEL,441543,664.85
156737,"2018-03-05 09:19:32",TCS,72839,3041.05
156738,"2018-03-05 09:19:32",VEDL,529157,319.25
156741,"2018-03-05 09:19:33",BIOCON,245663,629.5
156743,"2018-03-05 09:19:33",INFY,255320,1161.35
156739,"2018-03-05 09:19:33",RELCAPITAL,150578,459
156740,"2018-03-05 09:19:33",TCS,73233,3041
156742,"2018-03-05 09:19:33",VEDL,529916,319.35
156744,"2018-03-05 09:19:34",BIOCON,246030,629.6
156745,"2018-03-05 09:19:34",MARUTI,30823,8821.35
156749,"2018-03-05 09:19:34",RELCAPITAL,151245,459
156746,"2018-03-05 09:19:34",RELIANCE,419898,943.75
156747,"2018-03-05 09:19:34",TATAMOTORS,380131,364.95
156748,"2018-03-05 09:19:34",TATASTEEL,441673,664.85
156750,"2018-03-05 09:19:35",BIOCON,246130,629.4
156755,"2018-03-05 09:19:35",INFY,256241,1160.8
156753,"2018-03-05 09:19:35",RELCAPITAL,151666,459.35
156751,"2018-03-05 09:19:35",RELIANCE,420098,943.75
156752,"2018-03-05 09:19:35",TATAMOTORS,381367,365.3
156756,"2018-03-05 09:19:35",TATASTEEL,444496,664.85
156754,"2018-03-05 09:19:35",TCS,73252,3041.6
156757,"2018-03-05 09:19:35",VEDL,531237,319.25
156760,"2018-03-05 09:19:36",BHARTIARTL,140624,425.3
156758,"2018-03-05 09:19:36",BIOCON,246441,629.65
156762,"2018-03-05 09:19:36",RELCAPITAL,152696,459.5
156761,"2018-03-05 09:19:36",TATAMOTORS,383067,365.05
156759,"2018-03-05 09:19:36",VEDL,532304,319.4
156766,"2018-03-05 09:19:37",BIOCON,246918,629.55
156763,"2018-03-05 09:19:37",MARUTI,30919,8820
156765,"2018-03-05 09:19:37",RELCAPITAL,153226,459.3
156764,"2018-03-05 09:19:37",TATASTEEL,445080,664.95
156767,"2018-03-05 09:19:37",VEDL,534135,319.4
156772,"2018-03-05 09:19:38",INFY,256346,1160.5
156771,"2018-03-05 09:19:38",MARUTI,31229,8817.55
156773,"2018-03-05 09:19:38",RELCAPITAL,154376,459.3
156768,"2018-03-05 09:19:38",RELIANCE,422375,943.75
156774,"2018-03-05 09:19:38",TATAMOTORS,384228,365.3
156770,"2018-03-05 09:19:38",TATASTEEL,447629,664.15
156769,"2018-03-05 09:19:38",TCS,73934,3039.65
156779,"2018-03-05 09:19:39",MARUTI,31371,8818.35
156778,"2018-03-05 09:19:39",TATAMOTORS,384943,365
156776,"2018-03-05 09:19:39",TATASTEEL,447884,664.15
156777,"2018-03-05 09:19:39",TCS,74254,3039.95
156775,"2018-03-05 09:19:39",VEDL,537074,319.25
156782,"2018-03-05 09:19:40",BIOCON,248719,629.55
156785,"2018-03-05 09:19:40",INFY,256751,1160.6
156780,"2018-03-05 09:19:40",RELCAPITAL,154619,459.4
156781,"2018-03-05 09:19:40",RELIANCE,422480,943.75
156786,"2018-03-05 09:19:40",TATAMOTORS,385343,365.15
156783,"2018-03-05 09:19:40",TATASTEEL,448481,664.15
156784,"2018-03-05 09:19:40",VEDL,538750,319.3
156790,"2018-03-05 09:19:41",BHARTIARTL,141181,425.5
156791,"2018-03-05 09:19:41",BIOCON,249229,629.65
156792,"2018-03-05 09:19:41",MARUTI,31464,8817.9
156787,"2018-03-05 09:19:41",RELCAPITAL,154724,459.35
156789,"2018-03-05 09:19:41",RELIANCE,422834,943.75
156788,"2018-03-05 09:19:41",TATAMOTORS,385443,365.15
156793,"2018-03-05 09:19:41",TATASTEEL,448801,664.2
156794,"2018-03-05 09:19:41",VEDL,539474,319.25
156796,"2018-03-05 09:19:42",RELCAPITAL,154761,459.15
156795,"2018-03-05 09:19:42",TATAMOTORS,386157,365.1
156797,"2018-03-05 09:19:42",TCS,74543,3039.55
156804,"2018-03-05 09:19:43",BIOCON,249769,629.75
156802,"2018-03-05 09:19:43",INFY,257031,1161
156798,"2018-03-05 09:19:43",MARUTI,31991,8817.3
156800,"2018-03-05 09:19:43",RELCAPITAL,155166,459.05
156801,"2018-03-05 09:19:43",TATAMOTORS,387877,364.85
156803,"2018-03-05 09:19:43",TATASTEEL,450877,664.25
156805,"2018-03-05 09:19:43",TCS,74658,3038
156799,"2018-03-05 09:19:43",VEDL,540357,319.25
156810,"2018-03-05 09:19:44",BIOCON,249829,629.65
156808,"2018-03-05 09:19:44",INFY,257246,1160.8
156809,"2018-03-05 09:19:44",RELCAPITAL,159540,459
156806,"2018-03-05 09:19:44",RELIANCE,424068,943.85
156807,"2018-03-05 09:19:44",TATAMOTORS,387980,365.05
156811,"2018-03-05 09:19:44",TATASTEEL,450974,664.1
156816,"2018-03-05 09:19:45",BHARTIARTL,141244,425.85
156820,"2018-03-05 09:19:45",BIOCON,250012,629.5
156817,"2018-03-05 09:19:45",MARUTI,32003,8815.1
156819,"2018-03-05 09:19:45",RELCAPITAL,159740,459.15
156813,"2018-03-05 09:19:45",RELIANCE,424268,943.8
156812,"2018-03-05 09:19:45",TATAMOTORS,389089,365.1
156814,"2018-03-05 09:19:45",TATASTEEL,453317,664.3
156818,"2018-03-05 09:19:45",TCS,74907,3038.65
156815,"2018-03-05 09:19:45",VEDL,541102,319.25
156823,"2018-03-05 09:19:46",BHARTIARTL,141444,425.8
156830,"2018-03-05 09:19:46",BIOCON,250623,629.2
156826,"2018-03-05 09:19:46",INFY,257551,1161
156824,"2018-03-05 09:19:46",MARUTI,32198,8817.3
156827,"2018-03-05 09:19:46",RELCAPITAL,159836,458.8
156821,"2018-03-05 09:19:46",RELIANCE,424805,943.8
156822,"2018-03-05 09:19:46",TATAMOTORS,390663,365.15
156828,"2018-03-05 09:19:46",TATASTEEL,455222,664.2
156825,"2018-03-05 09:19:46",TCS,76057,3038.65
156829,"2018-03-05 09:19:46",VEDL,541247,319.15
156834,"2018-03-05 09:19:47",BHARTIARTL,143312,425.55
156836,"2018-03-05 09:19:47",INFY,257946,1160.55
156831,"2018-03-05 09:19:47",RELIANCE,424910,943.95
156832,"2018-03-05 09:19:47",TATAMOTORS,392278,365.05
156833,"2018-03-05 09:19:47",TATASTEEL,455517,664.4
156835,"2018-03-05 09:19:47",TCS,76091,3038.45
156839,"2018-03-05 09:19:48",MARUTI,32226,8815.1
156837,"2018-03-05 09:19:48",RELIANCE,425165,943.95
156838,"2018-03-05 09:19:48",TATAMOTORS,395321,365.1
156840,"2018-03-05 09:19:48",TATASTEEL,456414,664.45
156842,"2018-03-05 09:19:48",TCS,76114,3036.65
156841,"2018-03-05 09:19:48",VEDL,544437,318.95
156843,"2018-03-05 09:19:49",RELCAPITAL,161453,459.1
156845,"2018-03-05 09:19:49",RELIANCE,425280,943.95
156844,"2018-03-05 09:19:49",TATAMOTORS,396393,365
156846,"2018-03-05 09:19:49",TATASTEEL,458390,664
156847,"2018-03-05 09:19:49",VEDL,547937,318.75
156848,"2018-03-05 09:19:50",BIOCON,251723,629.2
156850,"2018-03-05 09:19:50",RELCAPITAL,161754,458.55
156851,"2018-03-05 09:19:50",RELIANCE,425628,943.95
156849,"2018-03-05 09:19:50",TATAMOTORS,396493,365.15
156853,"2018-03-05 09:19:50",TATASTEEL,460242,664.4
156852,"2018-03-05 09:19:50",TCS,76186,3038.05
156854,"2018-03-05 09:19:50",VEDL,548993,318.55
156856,"2018-03-05 09:19:51",BHARTIARTL,143613,425.7
156859,"2018-03-05 09:19:51",INFY,258021,1160.55
156858,"2018-03-05 09:19:51",RELCAPITAL,161954,458.9
156857,"2018-03-05 09:19:51",TATAMOTORS,399091,365.1
156860,"2018-03-05 09:19:51",TATASTEEL,461910,664.15
156855,"2018-03-05 09:19:51",VEDL,549706,318.6
156861,"2018-03-05 09:19:52",BIOCON,254328,628.2
156865,"2018-03-05 09:19:52",BIOCON,254396,628
156867,"2018-03-05 09:19:52",INFY,258121,1160.55
156862,"2018-03-05 09:19:52",MARUTI,32306,8813.15
156868,"2018-03-05 09:19:52",RELCAPITAL,162029,458.8
156864,"2018-03-05 09:19:52",RELIANCE,427804,943.95
156866,"2018-03-05 09:19:52",TATASTEEL,462908,664.1
156863,"2018-03-05 09:19:52",TCS,76246,3038.05
156872,"2018-03-05 09:19:53",BIOCON,254467,628.05
156869,"2018-03-05 09:19:53",MARUTI,32413,8815.1
156874,"2018-03-05 09:19:53",RELCAPITAL,162149,458.9
156871,"2018-03-05 09:19:53",TATAMOTORS,399859,365.05
156873,"2018-03-05 09:19:53",TATASTEEL,463770,664
156870,"2018-03-05 09:19:53",TCS,76492,3038.05
156878,"2018-03-05 09:19:54",BHARTIARTL,143724,425.7
156881,"2018-03-05 09:19:54",BIOCON,255262,628.2
156875,"2018-03-05 09:19:54",INFY,258326,1160.85
156880,"2018-03-05 09:19:54",MARUTI,32423,8814.5
156876,"2018-03-05 09:19:54",TATAMOTORS,400409,365
156879,"2018-03-05 09:19:54",TATASTEEL,467677,664
156877,"2018-03-05 09:19:54",VEDL,549962,318.35
156884,"2018-03-05 09:19:55",MARUTI,32437,8814.4
156882,"2018-03-05 09:19:55",RELCAPITAL,162359,458.95
156885,"2018-03-05 09:19:55",RELIANCE,428183,943.95
156886,"2018-03-05 09:19:55",TATAMOTORS,400984,365
156883,"2018-03-05 09:19:55",TATASTEEL,476339,663.2
156887,"2018-03-05 09:19:55",TCS,76593,3039.8
156888,"2018-03-05 09:19:56",BIOCON,256159,627.95
156894,"2018-03-05 09:19:56",BIOCON,257918,628
156891,"2018-03-05 09:19:56",INFY,258390,1160.9
156890,"2018-03-05 09:19:56",RELCAPITAL,163559,458.8
156892,"2018-03-05 09:19:56",RELIANCE,429392,943.9
156893,"2018-03-05 09:19:56",TATAMOTORS,402029,365
156889,"2018-03-05 09:19:56",TATASTEEL,477313,663.75
156895,"2018-03-05 09:19:56",VEDL,554092,318.5
156899,"2018-03-05 09:19:57",BIOCON,257999,627.95
156901,"2018-03-05 09:19:57",INFY,258719,1160.6
156897,"2018-03-05 09:19:57",MARUTI,32713,8813.6
156902,"2018-03-05 09:19:57",RELCAPITAL,166306,458.1
156896,"2018-03-05 09:19:57",TATAMOTORS,402634,364.85
156900,"2018-03-05 09:19:57",TATASTEEL,477913,663.75
156898,"2018-03-05 09:19:57",VEDL,554975,318.4
156906,"2018-03-05 09:19:58",INFY,258940,1160.85
156905,"2018-03-05 09:19:58",MARUTI,32752,8813.4
156907,"2018-03-05 09:19:58",RELCAPITAL,166916,458.5
156903,"2018-03-05 09:19:58",RELIANCE,429692,943.8
156908,"2018-03-05 09:19:58",TATAMOTORS,403193,364.95
156909,"2018-03-05 09:19:58",TATASTEEL,478712,663.4
156904,"2018-03-05 09:19:58",TCS,77093,3037.1
156910,"2018-03-05 09:19:58",VEDL,555675,318.3
156915,"2018-03-05 09:19:59",BIOCON,258565,629.2
156913,"2018-03-05 09:19:59",MARUTI,32972,8810.05
