id,curr_time,symbol,volume,price
188472,"2018-03-06 09:14:59",BHARTIARTL,0,421.45
188473,"2018-03-06 09:14:59",BIOCON,0,623.3
188474,"2018-03-06 09:14:59",HDFC,0,1789.6
188475,"2018-03-06 09:14:59",INFY,0,1155.9
188476,"2018-03-06 09:14:59",LT,0,1300.7
188477,"2018-03-06 09:14:59",MARUTI,0,8795.1
188478,"2018-03-06 09:14:59",MINDTREE,0,859.55
188479,"2018-03-06 09:14:59",RELIANCE,0,924.1
188480,"2018-03-06 09:14:59",SUNPHARMA,0,548.55
188481,"2018-03-06 09:14:59",TATASTEEL,0,655.9
188482,"2018-03-06 09:14:59",TCS,0,3105.85
188483,"2018-03-06 09:14:59",VEDL,0,315.9
188491,"2018-03-06 09:16:45",BHARTIARTL,67187,423.95
188492,"2018-03-06 09:16:45",BIOCON,52697,631
188501,"2018-03-06 09:16:45",BIOCON,52760,630.6
188493,"2018-03-06 09:16:45",HDFC,97765,1803.8
188502,"2018-03-06 09:16:45",HDFC,97791,1803.8
188487,"2018-03-06 09:16:45",INFY,81020,1157.1
188496,"2018-03-06 09:16:45",LT,31571,1313.5
188488,"2018-03-06 09:16:45",MARUTI,6825,8854
188497,"2018-03-06 09:16:45",MINDTREE,104066,863.8
188499,"2018-03-06 09:16:45",MINDTREE,104813,863.8
188498,"2018-03-06 09:16:45",RELIANCE,209315,931
188500,"2018-03-06 09:16:45",RELIANCE,209535,930.8
188489,"2018-03-06 09:16:45",SUNPHARMA,507758,556.55
188503,"2018-03-06 09:16:45",SUNPHARMA,509793,556.55
188494,"2018-03-06 09:16:45",TATASTEEL,255834,669.85
188495,"2018-03-06 09:16:45",TCS,31478,3105.6
188490,"2018-03-06 09:16:45",VEDL,367524,323
188505,"2018-03-06 09:16:46",BHARTIARTL,67222,424
188508,"2018-03-06 09:16:46",HDFC,97902,1803.85
188509,"2018-03-06 09:16:46",INFY,81258,1157.05
188510,"2018-03-06 09:16:46",LT,31586,1314.05
188506,"2018-03-06 09:16:46",MARUTI,6847,8854.5
188511,"2018-03-06 09:16:46",RELIANCE,210412,930.95
188512,"2018-03-06 09:16:46",TATASTEEL,256235,670
188504,"2018-03-06 09:16:46",TCS,31778,3107.15
188507,"2018-03-06 09:16:46",VEDL,368129,323.2
188514,"2018-03-06 09:16:47",BHARTIARTL,69812,423.45
188515,"2018-03-06 09:16:47",BIOCON,52992,630.7
188517,"2018-03-06 09:16:47",LT,31631,1313.9
188516,"2018-03-06 09:16:47",MARUTI,6950,8855
188518,"2018-03-06 09:16:47",MINDTREE,105225,864.45
188519,"2018-03-06 09:16:47",RELIANCE,210761,930.8
188513,"2018-03-06 09:16:47",SUNPHARMA,512376,556.5
188520,"2018-03-06 09:16:47",TATASTEEL,256501,670
188521,"2018-03-06 09:16:47",VEDL,371498,323.2
188530,"2018-03-06 09:16:48",BHARTIARTL,70493,423.2
188531,"2018-03-06 09:16:48",BIOCON,53006,630.75
188526,"2018-03-06 09:16:48",HDFC,98514,1803.9
188527,"2018-03-06 09:16:48",HDFC,98717,1803.8
188528,"2018-03-06 09:16:48",INFY,81478,1157.1
188533,"2018-03-06 09:16:48",LT,31697,1313.85
188524,"2018-03-06 09:16:48",MARUTI,6975,8854
188522,"2018-03-06 09:16:48",MINDTREE,105926,864.15
188523,"2018-03-06 09:16:48",RELIANCE,210883,930.8
188525,"2018-03-06 09:16:48",SUNPHARMA,513168,556.8
188532,"2018-03-06 09:16:48",TCS,31979,3106.55
188529,"2018-03-06 09:16:48",VEDL,373509,322.95
188541,"2018-03-06 09:16:49",BIOCON,53485,631
188542,"2018-03-06 09:16:49",INFY,81968,1157.05
188537,"2018-03-06 09:16:49",LT,31778,1313.85
188543,"2018-03-06 09:16:49",MARUTI,7162,8854.95
188538,"2018-03-06 09:16:49",MINDTREE,106026,864.15
188536,"2018-03-06 09:16:49",RELIANCE,211492,930.95
188544,"2018-03-06 09:16:49",SUNPHARMA,514960,556.75
188534,"2018-03-06 09:16:49",TATASTEEL,258221,669.6
188535,"2018-03-06 09:16:49",TCS,32029,3106.1
188539,"2018-03-06 09:16:49",TCS,32058,3106.1
188540,"2018-03-06 09:16:49",VEDL,374043,323
188549,"2018-03-06 09:16:50",HDFC,99251,1803.8
188545,"2018-03-06 09:16:50",LT,31908,1313.9
188546,"2018-03-06 09:16:50",RELIANCE,211981,930.95
188548,"2018-03-06 09:16:50",SUNPHARMA,518383,556.65
188547,"2018-03-06 09:16:50",TATASTEEL,259634,669.2
188554,"2018-03-06 09:16:51",BHARTIARTL,70994,423.45
188551,"2018-03-06 09:16:51",BIOCON,53586,631
188562,"2018-03-06 09:16:51",BIOCON,53688,630.95
188557,"2018-03-06 09:16:51",HDFC,99874,1803.85
188552,"2018-03-06 09:16:51",MARUTI,7173,8854.65
188550,"2018-03-06 09:16:51",MINDTREE,106102,864.25
188560,"2018-03-06 09:16:51",MINDTREE,107076,865
188558,"2018-03-06 09:16:51",RELIANCE,212731,931
188561,"2018-03-06 09:16:51",SUNPHARMA,520464,556.65
188555,"2018-03-06 09:16:51",TATASTEEL,260833,669.25
188556,"2018-03-06 09:16:51",TCS,32813,3105
188559,"2018-03-06 09:16:51",TCS,33065,3105.85
188553,"2018-03-06 09:16:51",VEDL,374848,323
188563,"2018-03-06 09:16:52",BHARTIARTL,71532,423.15
188564,"2018-03-06 09:16:52",HDFC,100418,1803.8
188565,"2018-03-06 09:16:52",INFY,82824,1156.55
188566,"2018-03-06 09:16:52",MARUTI,7179,8857.4
188574,"2018-03-06 09:16:53",BHARTIARTL,71641,423.2
188575,"2018-03-06 09:16:53",BIOCON,54188,630.5
188580,"2018-03-06 09:16:53",HDFC,100451,1803.85
188572,"2018-03-06 09:16:53",INFY,83234,1157.35
188569,"2018-03-06 09:16:53",LT,31974,1313.3
188581,"2018-03-06 09:16:53",LT,32074,1313.8
188573,"2018-03-06 09:16:53",MARUTI,7189,8854.7
188578,"2018-03-06 09:16:53",MINDTREE,107386,864.8
188570,"2018-03-06 09:16:53",RELIANCE,213431,930.65
188582,"2018-03-06 09:16:53",RELIANCE,213664,931
188568,"2018-03-06 09:16:53",SUNPHARMA,521045,556.65
188571,"2018-03-06 09:16:53",TATASTEEL,261827,669.65
188576,"2018-03-06 09:16:53",TATASTEEL,263073,669
188577,"2018-03-06 09:16:53",TCS,33129,3106
188567,"2018-03-06 09:16:53",VEDL,376183,322.95
188579,"2018-03-06 09:16:53",VEDL,376325,322.95
188585,"2018-03-06 09:16:54",BHARTIARTL,71911,423.2
188586,"2018-03-06 09:16:54",BIOCON,54288,631.2
188587,"2018-03-06 09:16:54",HDFC,100616,1803.75
188583,"2018-03-06 09:16:54",MINDTREE,108053,864.8
188588,"2018-03-06 09:16:54",SUNPHARMA,528159,556.2
188590,"2018-03-06 09:16:54",TATASTEEL,263592,669.55
188584,"2018-03-06 09:16:54",TCS,33153,3105.6
188589,"2018-03-06 09:16:54",VEDL,376713,323.1
188595,"2018-03-06 09:16:55",BHARTIARTL,72011,423.2
188596,"2018-03-06 09:16:55",BIOCON,54313,630.85
188592,"2018-03-06 09:16:55",HDFC,100674,1803.85
188593,"2018-03-06 09:16:55",INFY,83439,1157.3
188598,"2018-03-06 09:16:55",MINDTREE,109210,865
188591,"2018-03-06 09:16:55",RELIANCE,214077,931.15
188594,"2018-03-06 09:16:55",SUNPHARMA,530208,556.1
188599,"2018-03-06 09:16:55",TATASTEEL,263942,669.7
188597,"2018-03-06 09:16:55",TCS,33231,3106.6
188608,"2018-03-06 09:16:56",BHARTIARTL,72836,423.45
188603,"2018-03-06 09:16:56",BIOCON,54540,630.7
188600,"2018-03-06 09:16:56",HDFC,100742,1803.75
188609,"2018-03-06 09:16:56",INFY,83475,1157.75
188606,"2018-03-06 09:16:56",LT,32257,1313.85
188607,"2018-03-06 09:16:56",MINDTREE,109384,865.15
188604,"2018-03-06 09:16:56",RELIANCE,214278,931.1
188601,"2018-03-06 09:16:56",SUNPHARMA,531014,556.45
188605,"2018-03-06 09:16:56",TCS,33278,3106.1
188602,"2018-03-06 09:16:56",VEDL,377292,323.15
188617,"2018-03-06 09:16:57",BIOCON,54590,630.65
188615,"2018-03-06 09:16:57",INFY,83506,1157.3
188611,"2018-03-06 09:16:57",LT,32290,1313.55
188616,"2018-03-06 09:16:57",MARUTI,7648,8859.8
188619,"2018-03-06 09:16:57",MINDTREE,109672,865.2
188612,"2018-03-06 09:16:57",RELIANCE,215273,930.95
188613,"2018-03-06 09:16:57",SUNPHARMA,531505,556.65
188610,"2018-03-06 09:16:57",TATASTEEL,269256,668.6
188618,"2018-03-06 09:16:57",TCS,33390,3106.4
188614,"2018-03-06 09:16:57",VEDL,377544,323
188624,"2018-03-06 09:16:58",BIOCON,55650,630.8
188622,"2018-03-06 09:16:58",LT,32353,1313.85
188623,"2018-03-06 09:16:58",SUNPHARMA,532010,556.7
188621,"2018-03-06 09:16:58",TATASTEEL,269550,669
188620,"2018-03-06 09:16:58",VEDL,378144,323.1
188631,"2018-03-06 09:16:59",BHARTIARTL,73036,423.5
188632,"2018-03-06 09:16:59",BIOCON,56025,630.2
188629,"2018-03-06 09:16:59",LT,32378,1313.55
188625,"2018-03-06 09:16:59",MARUTI,7910,8861.85
188630,"2018-03-06 09:16:59",MINDTREE,109882,865.45
188633,"2018-03-06 09:16:59",RELIANCE,215908,931.15
188627,"2018-03-06 09:16:59",TATASTEEL,270527,669
188628,"2018-03-06 09:16:59",TCS,33543,3107.65
188626,"2018-03-06 09:16:59",VEDL,379554,323.2
188634,"2018-03-06 09:17:00",INFY,83606,1157.9
188640,"2018-03-06 09:17:00",INFY,83837,1158.15
188641,"2018-03-06 09:17:00",LT,32469,1313.5
188635,"2018-03-06 09:17:00",MARUTI,7915,8859.85
188638,"2018-03-06 09:17:00",MINDTREE,111520,865
188636,"2018-03-06 09:17:00",SUNPHARMA,533890,556.7
188642,"2018-03-06 09:17:00",TATASTEEL,273108,669
188639,"2018-03-06 09:17:00",TCS,33587,3107
188637,"2018-03-06 09:17:00",VEDL,381914,323
188650,"2018-03-06 09:17:01",BIOCON,56225,630.75
188647,"2018-03-06 09:17:01",LT,32775,1312.55
188648,"2018-03-06 09:17:01",MINDTREE,113437,865.2
188643,"2018-03-06 09:17:01",RELIANCE,216981,931.15
188645,"2018-03-06 09:17:01",SUNPHARMA,534120,556.7
188644,"2018-03-06 09:17:01",TATASTEEL,273208,668.95
188649,"2018-03-06 09:17:01",TATASTEEL,273908,669
188646,"2018-03-06 09:17:01",VEDL,382273,323
188653,"2018-03-06 09:17:02",MINDTREE,114124,865
188654,"2018-03-06 09:17:02",RELIANCE,217152,931.15
188651,"2018-03-06 09:17:02",SUNPHARMA,535320,556.7
188652,"2018-03-06 09:17:02",VEDL,383916,323.15
188663,"2018-03-06 09:17:03",BHARTIARTL,73056,423.75
188666,"2018-03-06 09:17:03",BHARTIARTL,73614,423.8
188664,"2018-03-06 09:17:03",BIOCON,57225,630.2
188660,"2018-03-06 09:17:03",INFY,83946,1158.35
188655,"2018-03-06 09:17:03",MARUTI,7920,8858
188665,"2018-03-06 09:17:03",MARUTI,8047,8860.35
188659,"2018-03-06 09:17:03",MINDTREE,114744,864.8
188657,"2018-03-06 09:17:03",RELIANCE,217381,931.1
188661,"2018-03-06 09:17:03",SUNPHARMA,536750,556.6
188658,"2018-03-06 09:17:03",TATASTEEL,276862,669
188656,"2018-03-06 09:17:03",TCS,33647,3107
188662,"2018-03-06 09:17:03",VEDL,384856,323
188667,"2018-03-06 09:17:04",BIOCON,57245,630.5
188668,"2018-03-06 09:17:04",HDFC,100779,1803.8
188669,"2018-03-06 09:17:04",INFY,84352,1158.05
188671,"2018-03-06 09:17:04",LT,33275,1312.35
188672,"2018-03-06 09:17:04",TATASTEEL,277002,668.75
188670,"2018-03-06 09:17:04",TCS,34768,3106.55
188682,"2018-03-06 09:17:05",BHARTIARTL,73676,423.8
188683,"2018-03-06 09:17:05",BIOCON,57458,630.4
188684,"2018-03-06 09:17:05",HDFC,101589,1803.75
188685,"2018-03-06 09:17:05",INFY,84581,1158.5
188678,"2018-03-06 09:17:05",LT,33330,1313.35
188675,"2018-03-06 09:17:05",MARUTI,8107,8860
188673,"2018-03-06 09:17:05",MINDTREE,114892,864.95
188688,"2018-03-06 09:17:05",MINDTREE,115432,865
188674,"2018-03-06 09:17:05",RELIANCE,219011,931
188679,"2018-03-06 09:17:05",RELIANCE,219311,931
188676,"2018-03-06 09:17:05",SUNPHARMA,538224,556.55
188686,"2018-03-06 09:17:05",SUNPHARMA,539614,556.2
188680,"2018-03-06 09:17:05",TATASTEEL,280766,669
188681,"2018-03-06 09:17:05",TCS,34909,3105.35
188677,"2018-03-06 09:17:05",VEDL,386608,323.05
188687,"2018-03-06 09:17:05",VEDL,387871,323
188690,"2018-03-06 09:17:06",BHARTIARTL,74000,424
188691,"2018-03-06 09:17:06",BIOCON,57994,630.4
188692,"2018-03-06 09:17:06",HDFC,103510,1803.75
188693,"2018-03-06 09:17:06",INFY,84684,1158.5
188695,"2018-03-06 09:17:06",LT,33699,1313.4
188694,"2018-03-06 09:17:06",MARUTI,8157,8860
188696,"2018-03-06 09:17:06",TATASTEEL,285513,668.8
188697,"2018-03-06 09:17:06",TCS,35096,3106.8
188689,"2018-03-06 09:17:06",VEDL,389567,323.15
188706,"2018-03-06 09:17:07",BIOCON,58044,630.7
188700,"2018-03-06 09:17:07",HDFC,103652,1803.65
188707,"2018-03-06 09:17:07",INFY,84769,1158.5
188701,"2018-03-06 09:17:07",MARUTI,8171,8859.9
188699,"2018-03-06 09:17:07",MINDTREE,115702,865
188698,"2018-03-06 09:17:07",RELIANCE,222040,931.4
188703,"2018-03-06 09:17:07",RELIANCE,223179,930.55
188704,"2018-03-06 09:17:07",TATASTEEL,286683,668.8
188702,"2018-03-06 09:17:07",TCS,35762,3106
188705,"2018-03-06 09:17:07",VEDL,390482,323
188710,"2018-03-06 09:18:23",BHARTIARTL,122656,422.75
188711,"2018-03-06 09:18:23",BIOCON,98631,629.4
188716,"2018-03-06 09:18:23",HDFC,118337,1804
188712,"2018-03-06 09:18:23",INFY,110095,1158.15
188713,"2018-03-06 09:18:23",LT,44727,1311.9
188717,"2018-03-06 09:18:23",MARUTI,17603,8858.05
188718,"2018-03-06 09:18:23",MINDTREE,165085,857.55
188719,"2018-03-06 09:18:23",RELIANCE,307440,932
188720,"2018-03-06 09:18:23",SUNPHARMA,720791,553.2
188721,"2018-03-06 09:18:23",TATASTEEL,359582,668.5
188714,"2018-03-06 09:18:23",TCS,62037,3103.2
188715,"2018-03-06 09:18:23",VEDL,556429,323.4
188727,"2018-03-06 09:18:25",BHARTIARTL,124569,422.75
188729,"2018-03-06 09:18:25",HDFC,118457,1803.8
188726,"2018-03-06 09:18:25",INFY,110184,1158.2
188728,"2018-03-06 09:18:25",LT,44738,1311.9
188723,"2018-03-06 09:18:25",MARUTI,17611,8859.5
188724,"2018-03-06 09:18:25",MINDTREE,165741,857.5
188725,"2018-03-06 09:18:25",RELIANCE,308397,932.05
188730,"2018-03-06 09:18:25",SUNPHARMA,721965,553.05
188731,"2018-03-06 09:18:25",TATASTEEL,361698,668.95
188722,"2018-03-06 09:18:25",TCS,62446,3101.45
188732,"2018-03-06 09:18:25",VEDL,557277,323.5
188736,"2018-03-06 09:18:26",HDFC,118574,1804
188735,"2018-03-06 09:18:26",INFY,110350,1158.15
188737,"2018-03-06 09:18:26",MARUTI,17626,8859.15
188738,"2018-03-06 09:18:26",MINDTREE,166326,857.5
188733,"2018-03-06 09:18:26",RELIANCE,308836,932.05
188739,"2018-03-06 09:18:26",TATASTEEL,362930,668.85
188734,"2018-03-06 09:18:26",TCS,62474,3102.2
188740,"2018-03-06 09:18:26",VEDL,559324,323.5
188745,"2018-03-06 09:18:27",BHARTIARTL,125358,423.25
188758,"2018-03-06 09:18:27",BHARTIARTL,127363,423.05
188746,"2018-03-06 09:18:27",BIOCON,98726,630
188759,"2018-03-06 09:18:27",BIOCON,99453,629.65
188749,"2018-03-06 09:18:27",HDFC,118690,1803.8
188754,"2018-03-06 09:18:27",HDFC,119097,1804
188741,"2018-03-06 09:18:27",INFY,111858,1158.15
188760,"2018-03-06 09:18:27",INFY,111959,1158.15
188742,"2018-03-06 09:18:27",LT,44813,1311.55
188753,"2018-03-06 09:18:27",LT,44849,1312
188750,"2018-03-06 09:18:27",MARUTI,17677,8859.15
188763,"2018-03-06 09:18:27",MARUTI,17886,8858
188751,"2018-03-06 09:18:27",MINDTREE,167337,856.85
188761,"2018-03-06 09:18:27",MINDTREE,168787,856.85
188744,"2018-03-06 09:18:27",RELIANCE,309875,932
188755,"2018-03-06 09:18:27",RELIANCE,310528,932.15
188743,"2018-03-06 09:18:27",SUNPHARMA,727776,553
188752,"2018-03-06 09:18:27",SUNPHARMA,732117,552.2
188762,"2018-03-06 09:18:27",SUNPHARMA,734350,552.3
188747,"2018-03-06 09:18:27",TATASTEEL,363055,668.85
188756,"2018-03-06 09:18:27",TCS,62751,3102.2
188748,"2018-03-06 09:18:27",VEDL,559474,323.35
188757,"2018-03-06 09:18:27",VEDL,565121,323.2
188768,"2018-03-06 09:18:28",HDFC,119149,1803.85
188766,"2018-03-06 09:18:28",LT,44883,1311.9
188769,"2018-03-06 09:18:28",MINDTREE,170577,855.45
188765,"2018-03-06 09:18:28",RELIANCE,310629,932.15
188770,"2018-03-06 09:18:28",SUNPHARMA,734935,552.7
188767,"2018-03-06 09:18:28",TATASTEEL,365109,668.5
188764,"2018-03-06 09:18:28",VEDL,565966,323.1
188771,"2018-03-06 09:18:29",BIOCON,99481,629.4
188773,"2018-03-06 09:18:29",LT,44892,1311.9
188774,"2018-03-06 09:18:29",RELIANCE,310995,932.05
188772,"2018-03-06 09:18:29",TATASTEEL,365363,668.5
188775,"2018-03-06 09:18:29",TCS,62780,3101.8
188777,"2018-03-06 09:18:30",BHARTIARTL,127464,423.1
188782,"2018-03-06 09:18:30",HDFC,119249,1803.85
188776,"2018-03-06 09:18:30",INFY,112414,1158.15
188785,"2018-03-06 09:18:30",LT,44997,1312
188778,"2018-03-06 09:18:30",MARUTI,17933,8859.4
188779,"2018-03-06 09:18:30",MINDTREE,172985,855.4
188783,"2018-03-06 09:18:30",RELIANCE,311574,932.05
188780,"2018-03-06 09:18:30",SUNPHARMA,737793,552.7
188784,"2018-03-06 09:18:30",TATASTEEL,366938,668.9
188781,"2018-03-06 09:18:30",VEDL,566857,323.3
188789,"2018-03-06 09:18:31",HDFC,119297,1803.8
188786,"2018-03-06 09:18:31",MINDTREE,175580,855.2
188787,"2018-03-06 09:18:31",SUNPHARMA,739988,552.65
188788,"2018-03-06 09:18:31",TCS,62889,3101.05
188790,"2018-03-06 09:19:08",BHARTIARTL,144627,423.7
188791,"2018-03-06 09:19:08",BIOCON,108008,629.25
188792,"2018-03-06 09:19:08",HDFC,129733,1802
188793,"2018-03-06 09:19:08",INFY,129159,1156.2
188794,"2018-03-06 09:19:08",LT,49149,1313
188799,"2018-03-06 09:19:08",MARUTI,19509,8856.85
188795,"2018-03-06 09:19:08",MINDTREE,206527,857.55
188796,"2018-03-06 09:19:08",RELIANCE,333150,932.15
188797,"2018-03-06 09:19:08",SUNPHARMA,833498,554.15
188800,"2018-03-06 09:19:08",TATASTEEL,398042,668.7
188801,"2018-03-06 09:19:08",TCS,73862,3091.05
188798,"2018-03-06 09:19:08",VEDL,629044,323.5
188805,"2018-03-06 09:19:09",BHARTIARTL,147205,423.8
188807,"2018-03-06 09:19:09",MARUTI,19561,8856.6
188804,"2018-03-06 09:19:09",RELIANCE,333807,932.2
188803,"2018-03-06 09:19:09",SUNPHARMA,833868,554.2
188808,"2018-03-06 09:19:09",TATASTEEL,399062,669
188802,"2018-03-06 09:19:09",TCS,74306,3091.45
188806,"2018-03-06 09:19:09",VEDL,629704,323.35
188810,"2018-03-06 09:19:10",BIOCON,108308,629
188811,"2018-03-06 09:19:10",HDFC,130089,1802.05
188812,"2018-03-06 09:19:10",INFY,129201,1156.1
188814,"2018-03-06 09:19:10",INFY,129836,1156.35
188815,"2018-03-06 09:19:10",LT,49259,1313.55
188818,"2018-03-06 09:19:10",MARUTI,19627,8856
188816,"2018-03-06 09:19:10",MINDTREE,206784,857.15
188809,"2018-03-06 09:19:10",SUNPHARMA,835712,554.1
188819,"2018-03-06 09:19:10",TATASTEEL,399237,669
188813,"2018-03-06 09:19:10",TCS,74696,3092
188817,"2018-03-06 09:19:10",VEDL,629968,323.45
188823,"2018-03-06 09:19:11",BHARTIARTL,147963,423.8
188826,"2018-03-06 09:19:11",BIOCON,108471,629.25
188820,"2018-03-06 09:19:11",HDFC,131946,1801.5
188825,"2018-03-06 09:19:11",MINDTREE,206904,857.4
188821,"2018-03-06 09:19:11",RELIANCE,334011,932.2
188822,"2018-03-06 09:19:11",SUNPHARMA,837082,554.4
188828,"2018-03-06 09:19:11",TATASTEEL,399772,669
188824,"2018-03-06 09:19:11",TCS,75188,3093.8
188827,"2018-03-06 09:19:11",VEDL,632526,323.5
188835,"2018-03-06 09:19:12",BIOCON,108571,629.25
188829,"2018-03-06 09:19:12",HDFC,132036,1801.9
188836,"2018-03-06 09:19:12",HDFC,132269,1801.45
188830,"2018-03-06 09:19:12",INFY,130269,1156.65
188831,"2018-03-06 09:19:12",LT,50339,1313.6
188837,"2018-03-06 09:19:12",MINDTREE,206984,857.4
188838,"2018-03-06 09:19:12",RELIANCE,335790,932.2
188832,"2018-03-06 09:19:12",SUNPHARMA,838930,554.4
188834,"2018-03-06 09:19:12",TATASTEEL,399882,668.8
188833,"2018-03-06 09:19:12",TCS,75272,3093
188841,"2018-03-06 09:19:13",INFY,130849,1156.95
188842,"2018-03-06 09:19:13",LT,50453,1314.5
188839,"2018-03-06 09:19:13",MARUTI,19658,8856.6
188844,"2018-03-06 09:19:13",MARUTI,19817,8856.85
188846,"2018-03-06 09:19:13",MINDTREE,207984,857.6
188847,"2018-03-06 09:19:13",RELIANCE,336295,932
188843,"2018-03-06 09:19:13",SUNPHARMA,840676,554.3
188845,"2018-03-06 09:19:13",TATASTEEL,403201,668.8
188840,"2018-03-06 09:19:13",TCS,75297,3094.95
188848,"2018-03-06 09:19:13",VEDL,642091,323.5
188849,"2018-03-06 09:19:14",BHARTIARTL,153136,423.2
188850,"2018-03-06 09:19:14",BIOCON,108783,629.1
188851,"2018-03-06 09:19:14",LT,50659,1313.75
188853,"2018-03-06 09:19:14",MARUTI,19835,8856.6
188855,"2018-03-06 09:19:14",RELIANCE,336424,932.05
188852,"2018-03-06 09:19:14",SUNPHARMA,841693,554.4
188856,"2018-03-06 09:19:14",TATASTEEL,407377,668.8
188854,"2018-03-06 09:19:14",TCS,75330,3094.75
188858,"2018-03-06 09:19:15",INFY,131269,1156.8
188863,"2018-03-06 09:19:15",LT,51254,1314.5
188857,"2018-03-06 09:19:15",MARUTI,19874,8856.2
188859,"2018-03-06 09:19:15",MINDTREE,208632,857.8
188862,"2018-03-06 09:19:15",RELIANCE,338910,932.1
188860,"2018-03-06 09:19:15",SUNPHARMA,842864,554.4
188861,"2018-03-06 09:19:15",TCS,75681,3095.15
188864,"2018-03-06 09:19:15",VEDL,643600,323.75
188865,"2018-03-06 09:19:16",HDFC,132319,1801.55
188867,"2018-03-06 09:19:16",MARUTI,19886,8856.8
188866,"2018-03-06 09:19:16",MINDTREE,208992,857.95
188868,"2018-03-06 09:19:16",TATASTEEL,407918,669.3
188870,"2018-03-06 09:19:17",BHARTIARTL,155808,423.35
188877,"2018-03-06 09:19:17",BIOCON,110441,629.4
188878,"2018-03-06 09:19:17",HDFC,132669,1801.55
188871,"2018-03-06 09:19:17",INFY,131360,1157.2
188879,"2018-03-06 09:19:17",INFY,131416,1156.75
188880,"2018-03-06 09:19:17",LT,51355,1314.5
188873,"2018-03-06 09:19:17",MARUTI,19895,8856.85
188876,"2018-03-06 09:19:17",MINDTREE,210244,857.5
188869,"2018-03-06 09:19:17",RELIANCE,339730,932.35
188881,"2018-03-06 09:19:17",SUNPHARMA,844326,554.5
188874,"2018-03-06 09:19:17",TATASTEEL,408093,669.05
188875,"2018-03-06 09:19:17",TCS,75701,3095.15
188872,"2018-03-06 09:19:17",VEDL,643785,323.75
188882,"2018-03-06 09:19:17",VEDL,645520,323.75
188884,"2018-03-06 09:19:18",BHARTIARTL,156260,423.5
188885,"2018-03-06 09:19:18",BIOCON,110597,629.4
188891,"2018-03-06 09:19:18",INFY,131474,1157.05
188888,"2018-03-06 09:19:18",MARUTI,19929,8856.8
188890,"2018-03-06 09:19:18",MINDTREE,210443,857.5
188883,"2018-03-06 09:19:18",SUNPHARMA,844690,554.4
188889,"2018-03-06 09:19:18",TATASTEEL,408739,669.45
188887,"2018-03-06 09:19:18",TCS,75842,3095.15
188886,"2018-03-06 09:19:18",VEDL,645912,323.65
188894,"2018-03-06 09:19:19",BIOCON,111077,629.4
188895,"2018-03-06 09:19:19",INFY,132264,1157.55
188896,"2018-03-06 09:19:19",LT,51729,1313.8
188898,"2018-03-06 09:19:19",MARUTI,19979,8856
188897,"2018-03-06 09:19:19",MINDTREE,210543,857.55
188892,"2018-03-06 09:19:19",SUNPHARMA,845864,554.6
188899,"2018-03-06 09:19:19",TATASTEEL,409557,669.5
188893,"2018-03-06 09:19:19",VEDL,655899,323.75
188902,"2018-03-06 09:19:20",MARUTI,20100,8856.8
188903,"2018-03-06 09:19:20",MINDTREE,210613,857.5
188900,"2018-03-06 09:19:20",SUNPHARMA,846473,554.7
188901,"2018-03-06 09:19:20",VEDL,657143,323.7
188913,"2018-03-06 09:19:21",BIOCON,111341,629.4
188904,"2018-03-06 09:19:21",HDFC,132841,1801.6
188905,"2018-03-06 09:19:21",INFY,132793,1158.55
188906,"2018-03-06 09:19:21",LT,51786,1313.8
188910,"2018-03-06 09:19:21",MARUTI,20110,8856.15
188912,"2018-03-06 09:19:21",RELIANCE,340872,932.2
188907,"2018-03-06 09:19:21",SUNPHARMA,847238,554.7
188909,"2018-03-06 09:19:21",TATASTEEL,410205,669.4
188911,"2018-03-06 09:19:21",TCS,76252,3097.15
188908,"2018-03-06 09:19:21",VEDL,659023,323.75
188916,"2018-03-06 09:19:22",HDFC,132893,1801.6
188917,"2018-03-06 09:19:22",INFY,133541,1158.4
188915,"2018-03-06 09:19:22",LT,52361,1314.4
188921,"2018-03-06 09:19:22",MINDTREE,211079,857.15
188919,"2018-03-06 09:19:22",RELIANCE,340980,932.3
188920,"2018-03-06 09:19:22",SUNPHARMA,851237,554.5
188914,"2018-03-06 09:19:22",TATASTEEL,410440,669.4
188918,"2018-03-06 09:19:22",VEDL,680049,324.1
188928,"2018-03-06 09:19:23",BHARTIARTL,157347,423.45
188929,"2018-03-06 09:19:23",BIOCON,111439,629.25
188924,"2018-03-06 09:19:23",HDFC,132921,1801.6
188923,"2018-03-06 09:19:23",LT,52483,1313.95
188926,"2018-03-06 09:19:23",RELIANCE,341192,932.3
188927,"2018-03-06 09:19:23",SUNPHARMA,851613,554.5
188922,"2018-03-06 09:19:23",TCS,76275,3095.25
188925,"2018-03-06 09:19:23",VEDL,681299,324.2
188937,"2018-03-06 09:19:24",BHARTIARTL,157500,423.45
188930,"2018-03-06 09:19:24",INFY,133859,1157.55
188938,"2018-03-06 09:19:24",LT,52609,1313.95
188934,"2018-03-06 09:19:24",MARUTI,20145,8856.8
188931,"2018-03-06 09:19:24",MINDTREE,212723,856.9
188932,"2018-03-06 09:19:24",SUNPHARMA,853152,554.5
188939,"2018-03-06 09:19:24",SUNPHARMA,855574,554.6
188936,"2018-03-06 09:19:24",TATASTEEL,413504,669.2
188935,"2018-03-06 09:19:24",TCS,76433,3095.25
188933,"2018-03-06 09:19:24",VEDL,730237,323.55
188942,"2018-03-06 09:19:25",BHARTIARTL,159205,423.6
188943,"2018-03-06 09:19:25",BIOCON,111539,629.35
188944,"2018-03-06 09:19:25",INFY,133980,1157.55
188945,"2018-03-06 09:19:25",LT,52729,1313.7
188947,"2018-03-06 09:19:25",MARUTI,20169,8856.55
188946,"2018-03-06 09:19:25",MINDTREE,213223,856.3
188948,"2018-03-06 09:19:25",TATASTEEL,413666,669.6
188940,"2018-03-06 09:19:25",TCS,76504,3095
188941,"2018-03-06 09:19:25",VEDL,735705,324
188957,"2018-03-06 09:19:26",BHARTIARTL,159506,423.5
188958,"2018-03-06 09:19:26",BIOCON,111589,629.5
188949,"2018-03-06 09:19:26",HDFC,133021,1801.6
188956,"2018-03-06 09:19:26",INFY,134080,1158
188950,"2018-03-06 09:19:26",MINDTREE,214448,856.3
188951,"2018-03-06 09:19:26",RELIANCE,341342,932.2
188952,"2018-03-06 09:19:26",SUNPHARMA,859350,554.4
188954,"2018-03-06 09:19:26",TATASTEEL,414536,669.65
188955,"2018-03-06 09:19:26",TCS,76538,3092.95
188953,"2018-03-06 09:19:26",VEDL,736099,324
188967,"2018-03-06 09:19:27",BHARTIARTL,160051,423.85
188962,"2018-03-06 09:19:27",HDFC,133082,1801.95
188959,"2018-03-06 09:19:27",LT,52818,1314.2
188964,"2018-03-06 09:19:27",MARUTI,20180,8856.55
188966,"2018-03-06 09:19:27",MINDTREE,215756,856.05
188960,"2018-03-06 09:19:27",RELIANCE,341458,932.2
188961,"2018-03-06 09:19:27",SUNPHARMA,861664,554.35
188965,"2018-03-06 09:19:27",TCS,76568,3093.45
188963,"2018-03-06 09:19:27",VEDL,738531,324
188977,"2018-03-06 09:19:28",BHARTIARTL,160591,423.85
188978,"2018-03-06 09:19:28",BIOCON,111989,629.5
188970,"2018-03-06 09:19:28",HDFC,133843,1801.95
188979,"2018-03-06 09:19:28",INFY,134691,1157.95
188971,"2018-03-06 09:19:28",LT,52843,1313.7
188973,"2018-03-06 09:19:28",MARUTI,20233,8856.55
188975,"2018-03-06 09:19:28",MINDTREE,217129,856.9
188976,"2018-03-06 09:19:28",RELIANCE,341590,932.3
188969,"2018-03-06 09:19:28",SUNPHARMA,867625,554.3
188968,"2018-03-06 09:19:28",TATASTEEL,415086,669.35
188974,"2018-03-06 09:19:28",TCS,76758,3094.8
188972,"2018-03-06 09:19:28",VEDL,740081,324.25
188981,"2018-03-06 09:19:29",LT,52949,1313.35
188982,"2018-03-06 09:19:29",MARUTI,20238,8856.15
188984,"2018-03-06 09:19:29",RELIANCE,342113,932.2
188980,"2018-03-06 09:19:29",SUNPHARMA,869575,554.05
188983,"2018-03-06 09:19:29",TATASTEEL,415415,669.4
188985,"2018-03-06 09:19:29",VEDL,742131,324.1
188987,"2018-03-06 09:19:30",INFY,135151,1157.55
188992,"2018-03-06 09:19:30",LT,53105,1313.45
188986,"2018-03-06 09:19:30",MINDTREE,217879,856.35
188991,"2018-03-06 09:19:30",SUNPHARMA,872032,554.3
188989,"2018-03-06 09:19:30",TATASTEEL,415860,669.25
188990,"2018-03-06 09:19:30",TCS,76802,3094.75
188988,"2018-03-06 09:19:30",VEDL,743946,324.4
188994,"2018-03-06 09:19:31",INFY,136315,1157.05
188997,"2018-03-06 09:19:31",LT,53132,1312.75
188993,"2018-03-06 09:19:31",MINDTREE,218751,856.15
188998,"2018-03-06 09:19:31",SUNPHARMA,872845,554.5
188996,"2018-03-06 09:19:31",TATASTEEL,416210,669.2
188995,"2018-03-06 09:19:31",VEDL,746943,324.15
188999,"2018-03-06 09:19:32",BHARTIARTL,160652,423.8
189000,"2018-03-06 09:19:32",BIOCON,112169,629.85
189001,"2018-03-06 09:19:32",HDFC,133994,1801.65
189002,"2018-03-06 09:19:32",INFY,136419,1157.05
189004,"2018-03-06 09:19:32",MARUTI,20259,8856
189005,"2018-03-06 09:19:32",TCS,77123,3092.9
189003,"2018-03-06 09:19:32",VEDL,747848,324.4
189008,"2018-03-06 09:19:33",INFY,136673,1157.05
189006,"2018-03-06 09:19:33",LT,53190,1313.75
189013,"2018-03-06 09:19:33",LT,54215,1314.15
189015,"2018-03-06 09:19:33",MARUTI,20369,8856.25
189014,"2018-03-06 09:19:33",MINDTREE,219041,856.4
189009,"2018-03-06 09:19:33",RELIANCE,342335,932.2
189010,"2018-03-06 09:19:33",SUNPHARMA,875474,554.25
189007,"2018-03-06 09:19:33",TATASTEEL,416715,669.4
189016,"2018-03-06 09:19:33",TATASTEEL,416924,669.3
189012,"2018-03-06 09:19:33",TCS,77151,3094.7
189011,"2018-03-06 09:19:33",VEDL,753742,324.35
189019,"2018-03-06 09:19:34",BHARTIARTL,160689,423.85
189023,"2018-03-06 09:19:34",LT,54357,1314.2
189022,"2018-03-06 09:19:34",MARUTI,20474,8856.55
189024,"2018-03-06 09:19:34",MINDTREE,219446,856
189017,"2018-03-06 09:19:34",RELIANCE,342404,932.2
189018,"2018-03-06 09:19:34",SUNPHARMA,881792,554.2
189021,"2018-03-06 09:19:34",TATASTEEL,417325,669.5
189020,"2018-03-06 09:19:34",VEDL,756398,324.15
189027,"2018-03-06 09:19:35",INFY,136871,1157.05
189028,"2018-03-06 09:19:35",MINDTREE,219846,856.35
189025,"2018-03-06 09:19:35",RELIANCE,343117,932.15
189026,"2018-03-06 09:19:35",SUNPHARMA,882474,554.35
189030,"2018-03-06 09:19:35",TATASTEEL,417923,669.5
189029,"2018-03-06 09:19:35",TCS,77229,3094.75
189034,"2018-03-06 09:19:36",HDFC,134114,1801.95
189032,"2018-03-06 09:19:36",LT,54650,1313.75
189035,"2018-03-06 09:19:36",MINDTREE,220623,856
189036,"2018-03-06 09:19:36",RELIANCE,344438,932.1
189031,"2018-03-06 09:19:36",SUNPHARMA,883874,554.1
189037,"2018-03-06 09:19:36",TCS,77579,3092.55
189033,"2018-03-06 09:19:36",VEDL,759987,324.6
189040,"2018-03-06 09:19:37",BHARTIARTL,164316,423.85
189049,"2018-03-06 09:19:37",BHARTIARTL,164533,423.85
189041,"2018-03-06 09:19:37",BIOCON,112245,629.5
189045,"2018-03-06 09:19:37",HDFC,134166,1801.95
189046,"2018-03-06 09:19:37",INFY,137284,1157.05
189038,"2018-03-06 09:19:37",LT,56490,1313.75
189042,"2018-03-06 09:19:37",MARUTI,20544,8856
189047,"2018-03-06 09:19:37",MINDTREE,221309,856
189048,"2018-03-06 09:19:37",RELIANCE,344579,932.1
189039,"2018-03-06 09:19:37",SUNPHARMA,885286,554.4
189043,"2018-03-06 09:19:37",TATASTEEL,418524,669.5
189044,"2018-03-06 09:19:37",TCS,77819,3092.75
189050,"2018-03-06 09:19:37",VEDL,764167,324.75
189055,"2018-03-06 09:19:38",BIOCON,112275,629.65
189051,"2018-03-06 09:19:38",MARUTI,20628,8855
189056,"2018-03-06 09:19:38",RELIANCE,344759,932.1
189053,"2018-03-06 09:19:38",SUNPHARMA,885689,554.05
189052,"2018-03-06 09:19:38",TATASTEEL,419556,669.55
189054,"2018-03-06 09:19:38",VEDL,765537,324.55
189060,"2018-03-06 09:19:39",BIOCON,112335,629.75
189061,"2018-03-06 09:19:39",HDFC,134604,1801.95
189057,"2018-03-06 09:19:39",INFY,137366,1157.05
189058,"2018-03-06 09:19:39",LT,56914,1313.75
189063,"2018-03-06 09:19:39",MARUTI,20778,8856.55
189059,"2018-03-06 09:19:39",MINDTREE,221374,856.35
189066,"2018-03-06 09:19:39",RELIANCE,345526,932.2
189067,"2018-03-06 09:19:39",SUNPHARMA,885967,554
189064,"2018-03-06 09:19:39",TATASTEEL,421220,669.55
189065,"2018-03-06 09:19:39",TCS,77898,3094.2
189062,"2018-03-06 09:19:39",VEDL,766017,324.75
189075,"2018-03-06 09:19:40",BIOCON,113102,629.45
189069,"2018-03-06 09:19:40",HDFC,134684,1801.8
189076,"2018-03-06 09:19:40",HDFC,135104,1801.8
189070,"2018-03-06 09:19:40",INFY,137860,1157.2
189077,"2018-03-06 09:19:40",INFY,137921,1157.2
189068,"2018-03-06 09:19:40",MARUTI,20820,8854.6
189072,"2018-03-06 09:19:40",MINDTREE,223007,855.95
189073,"2018-03-06 09:19:40",RELIANCE,345680,932.1
189074,"2018-03-06 09:19:40",SUNPHARMA,890340,554.3
189078,"2018-03-06 09:19:40",TATASTEEL,421936,669.55
189071,"2018-03-06 09:19:40",VEDL,770674,324.75
189081,"2018-03-06 09:19:41",BHARTIARTL,165105,423.85
189079,"2018-03-06 09:19:41",BIOCON,113527,629.65
189080,"2018-03-06 09:19:41",LT,57055,1313.5
189084,"2018-03-06 09:19:41",MARUTI,20833,8854
189085,"2018-03-06 09:19:41",RELIANCE,345781,932.25
189082,"2018-03-06 09:19:41",TATASTEEL,422388,669.8
189083,"2018-03-06 09:19:41",TCS,78056,3091.2
189086,"2018-03-06 09:19:41",VEDL,773397,324.75
189088,"2018-03-06 09:19:42",BHARTIARTL,167256,423.85
189089,"2018-03-06 09:19:42",BIOCON,113727,629.65
189090,"2018-03-06 09:19:42",HDFC,135214,1801.95
189091,"2018-03-06 09:19:42",LT,57070,1313.75
189094,"2018-03-06 09:19:42",MARUTI,20846,8854.9
189092,"2018-03-06 09:19:42",MINDTREE,223138,856
189096,"2018-03-06 09:19:42",MINDTREE,223272,855.9
189087,"2018-03-06 09:19:42",SUNPHARMA,891361,554.2
189097,"2018-03-06 09:19:42",TATASTEEL,422633,669.75
189095,"2018-03-06 09:19:42",TCS,78133,3091.55
189093,"2018-03-06 09:19:42",VEDL,776665,324.6
189105,"2018-03-06 09:19:43",BIOCON,114077,629.25
189103,"2018-03-06 09:19:43",HDFC,135392,1801.95
189099,"2018-03-06 09:19:43",INFY,137972,1157.35
189100,"2018-03-06 09:19:43",LT,57133,1313.65
189102,"2018-03-06 09:19:43",MARUTI,20890,8852
189104,"2018-03-06 09:19:43",MINDTREE,223518,855.8
189098,"2018-03-06 09:19:43",SUNPHARMA,897833,554.5
189107,"2018-03-06 09:19:43",TATASTEEL,422748,669.6
189106,"2018-03-06 09:19:43",TCS,78376,3091.5
189101,"2018-03-06 09:19:43",VEDL,777409,324.8
189109,"2018-03-06 09:19:44",BHARTIARTL,167570,423.8
189110,"2018-03-06 09:19:44",INFY,138647,1157.2
189112,"2018-03-06 09:19:44",MARUTI,20929,8850
189113,"2018-03-06 09:19:44",RELIANCE,345999,932.15
189108,"2018-03-06 09:19:44",SUNPHARMA,899215,554.55
189114,"2018-03-06 09:19:44",TCS,78586,3091.55
189111,"2018-03-06 09:19:44",VEDL,779185,324.8
189116,"2018-03-06 09:19:45",INFY,138822,1157.2
189117,"2018-03-06 09:19:45",LT,57589,1313.4
189118,"2018-03-06 09:19:45",MINDTREE,227881,855.75
189121,"2018-03-06 09:19:45",MINDTREE,228031,855.85
189122,"2018-03-06 09:19:45",RELIANCE,346103,932.15
189123,"2018-03-06 09:19:45",SUNPHARMA,902260,554.4
189115,"2018-03-06 09:19:45",TATASTEEL,424605,669.9
189120,"2018-03-06 09:19:45",TCS,78743,3092.55
189119,"2018-03-06 09:19:45",VEDL,782616,324.7
189130,"2018-03-06 09:19:46",BHARTIARTL,168220,423.85
189126,"2018-03-06 09:19:46",HDFC,136256,1801.85
189127,"2018-03-06 09:19:46",INFY,139034,1157.2
189125,"2018-03-06 09:19:46",MARUTI,21040,8851.1
189129,"2018-03-06 09:19:46",SUNPHARMA,903410,554.2
189124,"2018-03-06 09:19:46",TATASTEEL,425160,669.65
189128,"2018-03-06 09:19:46",VEDL,784179,324.8
189138,"2018-03-06 09:19:47",BIOCON,114275,629.5
189133,"2018-03-06 09:19:47",HDFC,136419,1801.85
189131,"2018-03-06 09:19:47",INFY,139289,1157.55
189132,"2018-03-06 09:19:47",LT,57933,1313.8
189135,"2018-03-06 09:19:47",MARUTI,21070,8849.25
189137,"2018-03-06 09:19:47",MINDTREE,228236,855.4
189136,"2018-03-06 09:19:47",TCS,78769,3091.55
189134,"2018-03-06 09:19:47",VEDL,785292,324.8
189141,"2018-03-06 09:19:48",BHARTIARTL,168352,423.8
189142,"2018-03-06 09:19:48",BIOCON,114475,629.5
189143,"2018-03-06 09:19:48",HDFC,136616,1801.85
189144,"2018-03-06 09:19:48",LT,57983,1313.4
189145,"2018-03-06 09:19:48",RELIANCE,347072,932.25
189140,"2018-03-06 09:19:48",SUNPHARMA,904137,554.25
189147,"2018-03-06 09:19:48",TATASTEEL,429614,669.9
189139,"2018-03-06 09:19:48",TCS,78998,3091.1
189146,"2018-03-06 09:19:48",VEDL,798970,324.9
189152,"2018-03-06 09:19:49",BHARTIARTL,168421,423.8
189153,"2018-03-06 09:19:49",BIOCON,114720,629.25
189149,"2018-03-06 09:19:49",HDFC,136646,1801.95
189155,"2018-03-06 09:19:49",MARUTI,21084,8851.65
189154,"2018-03-06 09:19:49",MINDTREE,228624,854.4
189148,"2018-03-06 09:19:49",SUNPHARMA,907212,554.3
189156,"2018-03-06 09:19:49",TATASTEEL,430315,669.8
189151,"2018-03-06 09:19:49",TCS,79018,3091.55
189150,"2018-03-06 09:19:49",VEDL,801129,324.7
189159,"2018-03-06 09:19:50",BIOCON,115452,629.1
189161,"2018-03-06 09:19:50",MINDTREE,228801,855.05
189160,"2018-03-06 09:19:50",RELIANCE,347830,932.2
189158,"2018-03-06 09:19:50",SUNPHARMA,909011,554.3
189162,"2018-03-06 09:19:50",TATASTEEL,430683,670
189157,"2018-03-06 09:19:50",TCS,79034,3091.05
189170,"2018-03-06 09:19:51",BHARTIARTL,172243,423.6
189165,"2018-03-06 09:19:51",BIOCON,115492,629.25
189171,"2018-03-06 09:19:51",HDFC,136716,1801.85
189166,"2018-03-06 09:19:51",INFY,139329,1157.45
189163,"2018-03-06 09:19:51",MARUTI,21093,8853
189172,"2018-03-06 09:19:51",MINDTREE,229331,854.4
189173,"2018-03-06 09:19:51",RELIANCE,348048,932.25
189167,"2018-03-06 09:19:51",SUNPHARMA,909575,554.3
189164,"2018-03-06 09:19:51",TATASTEEL,432183,670
189168,"2018-03-06 09:19:51",TATASTEEL,435523,670.1
189169,"2018-03-06 09:19:51",TCS,79185,3092.25
189174,"2018-03-06 09:19:51",VEDL,808009,324.9
189180,"2018-03-06 09:19:52",BHARTIARTL,172777,423.5
189181,"2018-03-06 09:19:52",BIOCON,115527,629.25
189182,"2018-03-06 09:19:52",HDFC,136776,1801.95
189175,"2018-03-06 09:19:52",INFY,139429,1157.25
189176,"2018-03-06 09:19:52",LT,58018,1313.4
189178,"2018-03-06 09:19:52",MARUTI,21184,8853
189179,"2018-03-06 09:19:52",RELIANCE,348537,932.2
189177,"2018-03-06 09:19:52",SUNPHARMA,910919,554.4
189184,"2018-03-06 09:19:52",TATASTEEL,437233,670.05
189185,"2018-03-06 09:19:52",TCS,79346,3092.2
189183,"2018-03-06 09:19:52",VEDL,813173,324.85
189190,"2018-03-06 09:19:53",BHARTIARTL,173577,423.5
189191,"2018-03-06 09:19:53",BIOCON,115557,629.25
189192,"2018-03-06 09:19:53",HDFC,137197,1801.85
189187,"2018-03-06 09:19:53",INFY,139954,1157.1
189186,"2018-03-06 09:19:53",MARUTI,21200,8849.3
189188,"2018-03-06 09:19:53",MINDTREE,229526,855
189193,"2018-03-06 09:19:53",RELIANCE,348831,932.2
189189,"2018-03-06 09:19:53",SUNPHARMA,912888,554.05
189196,"2018-03-06 09:19:54",INFY,139999,1157.2
189195,"2018-03-06 09:19:54",SUNPHARMA,913708,554.35
189194,"2018-03-06 09:19:54",TATASTEEL,437564,670.1
189208,"2018-03-06 09:19:55",BHARTIARTL,173898,423.4
189202,"2018-03-06 09:19:55",BIOCON,117607,628.85
189198,"2018-03-06 09:19:55",HDFC,137466,1801.85
189201,"2018-03-06 09:19:55",INFY,140094,1157.1
189200,"2018-03-06 09:19:55",MARUTI,21205,8850
189197,"2018-03-06 09:19:55",MINDTREE,230111,855
189205,"2018-03-06 09:19:55",MINDTREE,231137,855
189206,"2018-03-06 09:19:55",RELIANCE,348960,932.2
189207,"2018-03-06 09:19:55",SUNPHARMA,914389,554.35
189204,"2018-03-06 09:19:55",TATASTEEL,437940,670.3
189209,"2018-03-06 09:19:55",TCS,79762,3092
189199,"2018-03-06 09:19:55",VEDL,822685,324.9
189203,"2018-03-06 09:19:55",VEDL,832651,324.6
189215,"2018-03-06 09:19:56",BHARTIARTL,174029,423.4
189210,"2018-03-06 09:19:56",INFY,140333,1157.1
189216,"2018-03-06 09:19:56",MINDTREE,234567,854.6
189211,"2018-03-06 09:19:56",RELIANCE,349460,932.15
189214,"2018-03-06 09:19:56",SUNPHARMA,915110,554
189213,"2018-03-06 09:19:56",TATASTEEL,438426,670.1
189212,"2018-03-06 09:19:56",VEDL,839164,324.65
189217,"2018-03-06 09:19:57",BIOCON,117977,628.9
189218,"2018-03-06 09:19:57",HDFC,137883,1801.75
189220,"2018-03-06 09:19:57",INFY,140531,1157.15
189221,"2018-03-06 09:19:57",MINDTREE,234990,855.1
189222,"2018-03-06 09:19:57",RELIANCE,349757,932.2
189223,"2018-03-06 09:19:57",TATASTEEL,440470,670.05
189219,"2018-03-06 09:19:57",VEDL,845415,324.85
189230,"2018-03-06 09:19:58",BHARTIARTL,175948,423.2
189231,"2018-03-06 09:19:58",BIOCON,118077,628.9
189224,"2018-03-06 09:19:58",MARUTI,21214,8853
189229,"2018-03-06 09:19:58",RELIANCE,350538,932.15
189226,"2018-03-06 09:19:58",SUNPHARMA,915647,554.15
189228,"2018-03-06 09:19:58",TATASTEEL,441232,670.3
189225,"2018-03-06 09:19:58",TCS,80343,3092.75
189227,"2018-03-06 09:19:58",VEDL,847335,324.8
189232,"2018-03-06 09:19:59",HDFC,137924,1801.95
189233,"2018-03-06 09:19:59",MINDTREE,235263,855.4
189234,"2018-03-06 09:19:59",SUNPHARMA,917077,554.1
189235,"2018-03-06 09:19:59",TCS,80516,3092
189236,"2018-03-06 09:19:59",VEDL,851947,324.6
189238,"2018-03-06 09:20:00",BHARTIARTL,177181,423.5
189239,"2018-03-06 09:20:00",BIOCON,118287,628.75
189240,"2018-03-06 09:20:00",HDFC,138030,1801.95
189241,"2018-03-06 09:20:00",INFY,141017,1157.15
189247,"2018-03-06 09:20:00",LT,58128,1314
189246,"2018-03-06 09:20:00",MARUTI,21225,8853
189242,"2018-03-06 09:20:00",MINDTREE,235435,855.1
189243,"2018-03-06 09:20:00",RELIANCE,351355,932.15
189237,"2018-03-06 09:20:00",SUNPHARMA,918579,554.05
189245,"2018-03-06 09:20:00",TATASTEEL,442562,670.3
189244,"2018-03-06 09:20:00",VEDL,853629,324.4
189253,"2018-03-06 09:20:01",BHARTIARTL,177632,423.5
189250,"2018-03-06 09:20:01",BIOCON,118455,628.75
189251,"2018-03-06 09:20:01",INFY,141091,1157.15
189255,"2018-03-06 09:20:01",LT,58153,1313.85
189256,"2018-03-06 09:20:01",MINDTREE,235805,855
189252,"2018-03-06 09:20:01",RELIANCE,354828,932.15
189257,"2018-03-06 09:20:01",SUNPHARMA,919728,554.05
189248,"2018-03-06 09:20:01",TATASTEEL,442838,670.3
189249,"2018-03-06 09:20:01",TCS,80536,3093.25
189258,"2018-03-06 09:20:01",TCS,80934,3094
189254,"2018-03-06 09:20:01",VEDL,859252,324.75
189264,"2018-03-06 09:20:02",BHARTIARTL,178596,423.5
189262,"2018-03-06 09:20:02",BIOCON,119424,629.4
189259,"2018-03-06 09:20:02",MINDTREE,236293,855.4
189260,"2018-03-06 09:20:02",RELIANCE,355164,932.2
189261,"2018-03-06 09:20:02",SUNPHARMA,920223,553.9
189263,"2018-03-06 09:20:02",TATASTEEL,443592,670.05
189267,"2018-03-06 09:20:03",BHARTIARTL,179046,423.5
189265,"2018-03-06 09:20:03",INFY,141195,1157.25
189266,"2018-03-06 09:20:03",LT,58513,1313.65
189273,"2018-03-06 09:20:03",MARUTI,21232,8850
189270,"2018-03-06 09:20:03",MINDTREE,236564,855.3
189271,"2018-03-06 09:20:03",SUNPHARMA,920497,554
189269,"2018-03-06 09:20:03",TATASTEEL,444597,670.1
189268,"2018-03-06 09:20:03",TCS,81340,3095.3
189272,"2018-03-06 09:20:03",VEDL,862951,324.75
189279,"2018-03-06 09:20:04",HDFC,138067,1801.95
189277,"2018-03-06 09:20:04",MINDTREE,237352,855.2
189274,"2018-03-06 09:20:04",RELIANCE,356374,932.2
189278,"2018-03-06 09:20:04",SUNPHARMA,922492,553.85
189275,"2018-03-06 09:20:04",TATASTEEL,446912,670.55
189276,"2018-03-06 09:20:04",TCS,81874,3094.45
189280,"2018-03-06 09:20:04",VEDL,867077,324.65
189285,"2018-03-06 09:20:05",BHARTIARTL,179408,423.35
189281,"2018-03-06 09:20:05",INFY,141316,1157.1
189287,"2018-03-06 09:20:05",MARUTI,21241,8849.4
189282,"2018-03-06 09:20:05",MINDTREE,237684,855.5
189283,"2018-03-06 09:20:05",RELIANCE,356939,932.15
189288,"2018-03-06 09:20:05",TATASTEEL,447647,670.35
189284,"2018-03-06 09:20:05",TCS,81912,3095.45
189286,"2018-03-06 09:20:05",VEDL,869744,324.85
189291,"2018-03-06 09:20:06",BHARTIARTL,179808,423.25
189295,"2018-03-06 09:20:06",LT,60368,1313.9
189293,"2018-03-06 09:20:06",MARUTI,21276,8852.85
189296,"2018-03-06 09:20:06",MINDTREE,237883,856
189289,"2018-03-06 09:20:06",RELIANCE,357539,932
189290,"2018-03-06 09:20:06",SUNPHARMA,923218,553.75
189294,"2018-03-06 09:20:06",TATASTEEL,448047,670.7
189292,"2018-03-06 09:20:06",TCS,81942,3093.85
189299,"2018-03-06 09:20:07",BHARTIARTL,181302,423.2
189300,"2018-03-06 09:20:07",INFY,141467,1157.15
189298,"2018-03-06 09:20:07",MINDTREE,239366,856.55
189297,"2018-03-06 09:20:07",RELIANCE,359583,932.25
189302,"2018-03-06 09:20:07",TATASTEEL,448660,670.9
189303,"2018-03-06 09:20:07",TCS,82060,3094.25
189301,"2018-03-06 09:20:07",VEDL,875809,324.9
189310,"2018-03-06 09:20:08",BHARTIARTL,183339,423.2
189305,"2018-03-06 09:20:08",HDFC,138121,1801.95
189307,"2018-03-06 09:20:08",MARUTI,21380,8849.3
189306,"2018-03-06 09:20:08",MINDTREE,239616,855.75
189309,"2018-03-06 09:20:08",RELIANCE,360363,932.1
189304,"2018-03-06 09:20:08",SUNPHARMA,924472,553.8
189308,"2018-03-06 09:20:08",TCS,82204,3093.85
189316,"2018-03-06 09:20:09",LT,61570,1314.15
189313,"2018-03-06 09:20:09",MARUTI,21512,8851.15
189311,"2018-03-06 09:20:09",SUNPHARMA,925831,553.9
189314,"2018-03-06 09:20:09",TATASTEEL,449810,670.75
189315,"2018-03-06 09:20:09",TCS,82314,3094.65
189312,"2018-03-06 09:20:09",VEDL,876585,324.9
189317,"2018-03-06 09:20:09",VEDL,882342,324.9
189322,"2018-03-06 09:20:10",BHARTIARTL,183429,423.35
189323,"2018-03-06 09:20:10",BIOCON,119878,629.7
189318,"2018-03-06 09:20:10",HDFC,138153,1801.8
189324,"2018-03-06 09:20:10",LT,61786,1314.9
189320,"2018-03-06 09:20:10",MARUTI,21576,8850.55
189319,"2018-03-06 09:20:10",MINDTREE,240372,857
189325,"2018-03-06 09:20:10",RELIANCE,360867,932.45
189326,"2018-03-06 09:20:10",SUNPHARMA,926165,553.8
189321,"2018-03-06 09:20:10",TATASTEEL,450885,670.85
189328,"2018-03-06 09:20:10",TCS,82499,3095.55
189327,"2018-03-06 09:20:10",VEDL,884159,325
189333,"2018-03-06 09:20:11",BIOCON,119933,629.45
189334,"2018-03-06 09:20:11",HDFC,138219,1801.8
189329,"2018-03-06 09:20:11",INFY,141598,1157.65
189331,"2018-03-06 09:20:11",MARUTI,21581,8852.9
189330,"2018-03-06 09:20:11",MINDTREE,240572,856.4
189332,"2018-03-06 09:20:11",TATASTEEL,451610,670.95
189345,"2018-03-06 09:20:12",BHARTIARTL,185433,423.35
189346,"2018-03-06 09:20:12",BIOCON,120058,629.7
189335,"2018-03-06 09:20:12",HDFC,138286,1801.95
189342,"2018-03-06 09:20:12",LT,62169,1314.65
189340,"2018-03-06 09:20:12",MARUTI,21591,8852.9
189336,"2018-03-06 09:20:12",MINDTREE,241082,856.35
189337,"2018-03-06 09:20:12",RELIANCE,362098,932.45
189343,"2018-03-06 09:20:12",RELIANCE,362558,932.2
189344,"2018-03-06 09:20:12",SUNPHARMA,930324,553.2
189341,"2018-03-06 09:20:12",TATASTEEL,452646,670.85
189339,"2018-03-06 09:20:12",TCS,82749,3092.25
189338,"2018-03-06 09:20:12",VEDL,894063,325.1
189348,"2018-03-06 09:20:13",INFY,141922,1157.65
189350,"2018-03-06 09:20:13",MINDTREE,241143,856.5
189352,"2018-03-06 09:20:13",TATASTEEL,453294,670.95
189347,"2018-03-06 09:20:13",TCS,82887,3093.95
189349,"2018-03-06 09:20:13",VEDL,895150,325.15
189351,"2018-03-06 09:20:13",VEDL,903463,325.3
189354,"2018-03-06 09:20:14",HDFC,138314,1801.8
189356,"2018-03-06 09:20:14",MINDTREE,241296,856.1
189353,"2018-03-06 09:20:14",SUNPHARMA,930690,553.3
189357,"2018-03-06 09:20:14",TATASTEEL,454805,671
189355,"2018-03-06 09:20:14",TCS,83009,3095.95
189361,"2018-03-06 09:20:15",BIOCON,120111,629.05
189362,"2018-03-06 09:20:15",HDFC,138374,1801.8
189358,"2018-03-06 09:20:15",LT,62200,1315
189365,"2018-03-06 09:20:15",MARUTI,21607,8852.9
189359,"2018-03-06 09:20:15",RELIANCE,362734,932.45
189360,"2018-03-06 09:20:15",SUNPHARMA,931970,553.65
189364,"2018-03-06 09:20:15",TCS,83047,3096.4
189363,"2018-03-06 09:20:15",VEDL,905374,325.35
189370,"2018-03-06 09:20:16",BIOCON,120331,629.05
189367,"2018-03-06 09:20:16",HDFC,138448,1801.8
189366,"2018-03-06 09:20:16",RELIANCE,362874,932.35
189368,"2018-03-06 09:20:16",TATASTEEL,456725,671
189369,"2018-03-06 09:20:16",TCS,83218,3096.4
189371,"2018-03-06 09:20:16",VEDL,909593,325.4
189376,"2018-03-06 09:20:17",BIOCON,120538,629.15
189373,"2018-03-06 09:20:17",HDFC,138490,1801.8
189377,"2018-03-06 09:20:17",MINDTREE,241495,855.7
189374,"2018-03-06 09:20:17",RELIANCE,362980,932.2
189375,"2018-03-06 09:20:17",SUNPHARMA,932352,553.65
189372,"2018-03-06 09:20:17",TATASTEEL,458545,670.9
189378,"2018-03-06 09:20:17",VEDL,913814,325.25
189383,"2018-03-06 09:20:18",BHARTIARTL,186083,423.35
189384,"2018-03-06 09:20:18",BIOCON,120638,629
189385,"2018-03-06 09:20:18",INFY,141973,1157.5
189381,"2018-03-06 09:20:18",MINDTREE,241600,856
189382,"2018-03-06 09:20:18",RELIANCE,365784,932.3
189379,"2018-03-06 09:20:18",TATASTEEL,459762,671
189380,"2018-03-06 09:20:18",TCS,83247,3096
189386,"2018-03-06 09:20:18",VEDL,914583,325.45
189392,"2018-03-06 09:20:19",BHARTIARTL,186480,423.25
189388,"2018-03-06 09:20:19",BIOCON,121238,629.25
189387,"2018-03-06 09:20:19",HDFC,138559,1801.95
189389,"2018-03-06 09:20:19",MINDTREE,242201,856
189390,"2018-03-06 09:20:19",RELIANCE,366284,932.45
189391,"2018-03-06 09:20:19",SUNPHARMA,933943,553.7
189394,"2018-03-06 09:20:19",TATASTEEL,460887,671
189393,"2018-03-06 09:20:19",VEDL,916184,325.55
189400,"2018-03-06 09:20:20",BHARTIARTL,186577,423.3
189395,"2018-03-06 09:20:20",MARUTI,21628,8850.6
189399,"2018-03-06 09:20:20",RELIANCE,366690,932.45
189396,"2018-03-06 09:20:20",TATASTEEL,461783,671
189398,"2018-03-06 09:20:20",TCS,83360,3097
189397,"2018-03-06 09:20:20",VEDL,917366,325.5
189407,"2018-03-06 09:20:21",LT,62274,1315
189401,"2018-03-06 09:20:21",MARUTI,21694,8851.75
189403,"2018-03-06 09:20:21",MINDTREE,243407,855.95
189402,"2018-03-06 09:20:21",SUNPHARMA,937237,553.5
189406,"2018-03-06 09:20:21",TATASTEEL,462621,671.3
189405,"2018-03-06 09:20:21",TCS,83517,3097
189404,"2018-03-06 09:20:21",VEDL,919050,325.6
189410,"2018-03-06 09:20:22",BHARTIARTL,186677,423.3
189411,"2018-03-06 09:20:22",LT,62487,1315
189413,"2018-03-06 09:20:22",MARUTI,21703,8850.65
189408,"2018-03-06 09:20:22",MINDTREE,243657,855.95
189409,"2018-03-06 09:20:22",RELIANCE,367127,932.3
189414,"2018-03-06 09:20:22",TATASTEEL,463209,671
189415,"2018-03-06 09:20:22",TCS,83542,3097
189412,"2018-03-06 09:20:22",VEDL,936893,325.5
189420,"2018-03-06 09:20:23",BIOCON,121355,629
189421,"2018-03-06 09:20:23",HDFC,138605,1801.8
189416,"2018-03-06 09:20:23",INFY,142032,1157.5
189417,"2018-03-06 09:20:23",MINDTREE,243891,855.25
189418,"2018-03-06 09:20:23",RELIANCE,367282,932.3
189419,"2018-03-06 09:20:23",SUNPHARMA,939146,553.5
189422,"2018-03-06 09:20:23",TATASTEEL,463309,670.9
189428,"2018-03-06 09:20:24",BHARTIARTL,186798,423.25
189429,"2018-03-06 09:20:24",HDFC,138645,1801.95
189426,"2018-03-06 09:20:24",LT,62516,1315
189431,"2018-03-06 09:20:24",MARUTI,21714,8851.75
189430,"2018-03-06 09:20:24",MINDTREE,243956,855.25
189424,"2018-03-06 09:20:24",RELIANCE,368816,932.3
189425,"2018-03-06 09:20:24",SUNPHARMA,940331,553.2
189423,"2018-03-06 09:20:24",TATASTEEL,463509,671
189432,"2018-03-06 09:20:24",TCS,83944,3096.75
189427,"2018-03-06 09:20:24",VEDL,941664,325.75
189437,"2018-03-06 09:20:25",BHARTIARTL,186956,423.3
189438,"2018-03-06 09:20:25",BIOCON,122506,628.7
189439,"2018-03-06 09:20:25",INFY,142097,1157.5
189434,"2018-03-06 09:20:25",LT,65096,1315
189435,"2018-03-06 09:20:25",MARUTI,21736,8851.7
189440,"2018-03-06 09:20:25",MINDTREE,244159,855.25
189441,"2018-03-06 09:20:25",RELIANCE,372241,932.3
189433,"2018-03-06 09:20:25",TATASTEEL,464591,671.1
189436,"2018-03-06 09:20:25",TCS,84051,3096.35
189442,"2018-03-06 09:20:25",VEDL,942178,325.6
189447,"2018-03-06 09:20:26",BIOCON,122538,628.7
189443,"2018-03-06 09:20:26",MINDTREE,244212,855.4
189445,"2018-03-06 09:20:26",RELIANCE,372772,932.4
189446,"2018-03-06 09:20:26",SUNPHARMA,942442,553.5
189444,"2018-03-06 09:20:26",TATASTEEL,465084,670.9
189448,"2018-03-06 09:20:26",VEDL,944518,325.5
189454,"2018-03-06 09:20:27",BHARTIARTL,187006,423.3
189451,"2018-03-06 09:20:27",HDFC,138733,1801.8
189455,"2018-03-06 09:20:27",HDFC,138778,1801.95
189452,"2018-03-06 09:20:27",INFY,142154,1157.55
189456,"2018-03-06 09:20:27",LT,65451,1315
189449,"2018-03-06 09:20:27",MARUTI,21798,8850.65
189453,"2018-03-06 09:20:27",RELIANCE,373396,932.05
189458,"2018-03-06 09:20:27",TATASTEEL,465984,670.8
189450,"2018-03-06 09:20:27",TCS,84360,3096.7
189457,"2018-03-06 09:20:27",VEDL,948018,325.5
189464,"2018-03-06 09:20:28",LT,65614,1315
189461,"2018-03-06 09:20:28",MARUTI,21825,8852
189459,"2018-03-06 09:20:28",MINDTREE,244372,855
189465,"2018-03-06 09:20:28",RELIANCE,373624,932.4
189460,"2018-03-06 09:20:28",SUNPHARMA,942693,553.5
189463,"2018-03-06 09:20:28",TATASTEEL,466310,671
189462,"2018-03-06 09:20:28",TCS,84633,3096.4
189466,"2018-03-06 09:20:28",VEDL,949778,325.6
189470,"2018-03-06 09:20:29",BIOCON,122648,628.5
189467,"2018-03-06 09:20:29",MINDTREE,245517,854.6
189469,"2018-03-06 09:20:29",RELIANCE,373871,932.4
189468,"2018-03-06 09:20:29",SUNPHARMA,942917,553.2
189474,"2018-03-06 09:20:30",BHARTIARTL,187343,423.3
189475,"2018-03-06 09:20:30",LT,66182,1315
189471,"2018-03-06 09:20:30",MINDTREE,245865,855.4
189472,"2018-03-06 09:20:30",SUNPHARMA,943117,553.3
189476,"2018-03-06 09:20:30",TCS,84733,3097.1
189473,"2018-03-06 09:20:30",VEDL,955505,325.65
189479,"2018-03-06 09:20:31",HDFC,138838,1801.8
189481,"2018-03-06 09:20:31",MARUTI,21833,8850.6
189484,"2018-03-06 09:20:31",MINDTREE,245965,855
189477,"2018-03-06 09:20:31",RELIANCE,373987,932.05
189478,"2018-03-06 09:20:31",SUNPHARMA,950612,553.3
189482,"2018-03-06 09:20:31",TATASTEEL,468153,670.8
189483,"2018-03-06 09:20:31",TCS,84812,3097.1
189480,"2018-03-06 09:20:31",VEDL,962652,325.2
189485,"2018-03-06 09:20:31",VEDL,967233,325.6
189486,"2018-03-06 09:20:32",BIOCON,122848,629
189491,"2018-03-06 09:20:32",HDFC,138939,1801.8
189487,"2018-03-06 09:20:32",MARUTI,21838,8851.9
189489,"2018-03-06 09:20:32",MINDTREE,246280,855
189490,"2018-03-06 09:20:32",RELIANCE,374158,932
189488,"2018-03-06 09:20:32",TCS,84932,3097.5
189497,"2018-03-06 09:20:33",BHARTIARTL,187393,423.3
189498,"2018-03-06 09:20:33",BIOCON,122948,628.5
189499,"2018-03-06 09:20:33",INFY,142881,1157.55
189492,"2018-03-06 09:20:33",LT,66392,1315
189501,"2018-03-06 09:20:33",MARUTI,22087,8849.3
189500,"2018-03-06 09:20:33",MINDTREE,246355,855.4
189493,"2018-03-06 09:20:33",RELIANCE,375305,932.4
189494,"2018-03-06 09:20:33",SUNPHARMA,952483,553.6
189496,"2018-03-06 09:20:33",TATASTEEL,468803,671
189502,"2018-03-06 09:20:33",TCS,85389,3096.9
189495,"2018-03-06 09:20:33",VEDL,971809,325.6
189509,"2018-03-06 09:20:34",HDFC,139176,1801.8
189510,"2018-03-06 09:20:34",INFY,143047,1157.55
189503,"2018-03-06 09:20:34",LT,66508,1314.8
189507,"2018-03-06 09:20:34",MARUTI,22116,8850.65
189504,"2018-03-06 09:20:34",RELIANCE,375438,932.4
189508,"2018-03-06 09:20:34",SUNPHARMA,961832,552.8
189506,"2018-03-06 09:20:34",TATASTEEL,469509,670.9
189505,"2018-03-06 09:20:34",VEDL,974476,325.65
189512,"2018-03-06 09:20:35",BHARTIARTL,187552,423.3
189513,"2018-03-06 09:20:35",BIOCON,125214,628.5
189514,"2018-03-06 09:20:35",LT,66528,1315
189518,"2018-03-06 09:20:35",MINDTREE,246750,855
189511,"2018-03-06 09:20:35",RELIANCE,375801,932.4
189519,"2018-03-06 09:20:35",SUNPHARMA,964401,552.9
189516,"2018-03-06 09:20:35",TATASTEEL,473565,671
189517,"2018-03-06 09:20:35",TCS,85490,3096.9
189515,"2018-03-06 09:20:35",VEDL,976078,325.5
189521,"2018-03-06 09:20:36",BHARTIARTL,187620,423.25
189522,"2018-03-06 09:20:36",INFY,143123,1157.55
189523,"2018-03-06 09:20:36",LT,66778,1314.8
189527,"2018-03-06 09:20:36",MARUTI,22145,8849.3
189528,"2018-03-06 09:20:36",MINDTREE,247105,855
189529,"2018-03-06 09:20:36",RELIANCE,376110,932.3
189520,"2018-03-06 09:20:36",SUNPHARMA,964669,552.9
189526,"2018-03-06 09:20:36",TATASTEEL,474964,670.95
189525,"2018-03-06 09:20:36",TCS,86018,3096.9
189524,"2018-03-06 09:20:36",VEDL,978250,325.5
189534,"2018-03-06 09:20:37",BIOCON,125388,628.65
189530,"2018-03-06 09:20:37",LT,67007,1314.9
189535,"2018-03-06 09:20:37",MINDTREE,248110,854.65
189536,"2018-03-06 09:20:37",RELIANCE,376520,932.05
189533,"2018-03-06 09:20:37",TATASTEEL,475523,671
189532,"2018-03-06 09:20:37",TCS,86185,3096.9
189531,"2018-03-06 09:20:37",VEDL,979326,325.5
189538,"2018-03-06 09:20:38",BHARTIARTL,187681,423.25
189539,"2018-03-06 09:20:38",INFY,143909,1158.4
189537,"2018-03-06 09:20:38",MARUTI,22150,8850.6
189540,"2018-03-06 09:20:38",SUNPHARMA,964974,552.8
189541,"2018-03-06 09:20:38",VEDL,987092,325.4
189551,"2018-03-06 09:20:39",BHARTIARTL,187737,423.25
189546,"2018-03-06 09:20:39",BIOCON,125438,628.45
189547,"2018-03-06 09:20:39",INFY,144288,1157.95
189548,"2018-03-06 09:20:39",LT,67920,1315
189549,"2018-03-06 09:20:39",MINDTREE,248635,854.5
189552,"2018-03-06 09:20:39",MINDTREE,248765,854.6
189543,"2018-03-06 09:20:39",RELIANCE,376969,932.4
189545,"2018-03-06 09:20:39",SUNPHARMA,965804,552.9
189542,"2018-03-06 09:20:39",TATASTEEL,475799,670.85
189544,"2018-03-06 09:20:39",TATASTEEL,475994,671.15
189553,"2018-03-06 09:20:39",TCS,86549,3096.65
189550,"2018-03-06 09:20:39",VEDL,988252,325.65
189561,"2018-03-06 09:20:40",BIOCON,125629,628.2
189562,"2018-03-06 09:20:40",HDFC,139208,1801.8
189556,"2018-03-06 09:20:40",INFY,144534,1157.95
189554,"2018-03-06 09:20:40",MARUTI,22156,8850.6
189557,"2018-03-06 09:20:40",MINDTREE,248900,854.6
189559,"2018-03-06 09:20:40",RELIANCE,377200,932.4
189560,"2018-03-06 09:20:40",SUNPHARMA,970306,553
189555,"2018-03-06 09:20:40",TATASTEEL,477564,671.2
189563,"2018-03-06 09:20:40",TCS,86572,3096.65
189558,"2018-03-06 09:20:40",VEDL,989827,325.5
189568,"2018-03-06 09:20:41",BHARTIARTL,191957,422.6
189564,"2018-03-06 09:20:41",INFY,144816,1157.95
189571,"2018-03-06 09:20:41",LT,68120,1315
189565,"2018-03-06 09:20:41",MINDTREE,249091,855.05
189566,"2018-03-06 09:20:41",RELIANCE,377567,932.4
189567,"2018-03-06 09:20:41",SUNPHARMA,970501,552.95
189570,"2018-03-06 09:20:41",TATASTEEL,477924,671
189569,"2018-03-06 09:20:41",VEDL,996096,325.5
189578,"2018-03-06 09:20:42",BHARTIARTL,192957,422.45
189572,"2018-03-06 09:20:42",HDFC,139306,1801.8
189579,"2018-03-06 09:20:42",HDFC,139422,1801.75
189573,"2018-03-06 09:20:42",INFY,144875,1158.65
189580,"2018-03-06 09:20:42",LT,68754,1315
189574,"2018-03-06 09:20:42",RELIANCE,377702,932.25
189576,"2018-03-06 09:20:42",TATASTEEL,478399,671
189577,"2018-03-06 09:20:42",TCS,86707,3096.7
189575,"2018-03-06 09:20:42",VEDL,997934,325.5
189586,"2018-03-06 09:20:43",INFY,145475,1158.7
189587,"2018-03-06 09:20:43",LT,69643,1315
189584,"2018-03-06 09:20:43",MARUTI,22319,8850.65
189588,"2018-03-06 09:20:43",MINDTREE,249650,855
189582,"2018-03-06 09:20:43",RELIANCE,377996,932.4
189585,"2018-03-06 09:20:43",TATASTEEL,479744,671.3
189581,"2018-03-06 09:20:43",TCS,86807,3097.1
189583,"2018-03-06 09:20:43",VEDL,998235,325.65
189595,"2018-03-06 09:20:44",BHARTIARTL,196664,422.75
189591,"2018-03-06 09:20:44",BIOCON,128180,628.75
189596,"2018-03-06 09:20:44",INFY,145571,1158.6
189593,"2018-03-06 09:20:44",MARUTI,22445,8851.5
189597,"2018-03-06 09:20:44",MINDTREE,249778,855.5
189589,"2018-03-06 09:20:44",RELIANCE,378250,932.4
189590,"2018-03-06 09:20:44",SUNPHARMA,974897,553
189594,"2018-03-06 09:20:44",TATASTEEL,481067,671.3
189592,"2018-03-06 09:20:44",VEDL,1000296,325.5
189602,"2018-03-06 09:20:45",BHARTIARTL,198606,422.85
189599,"2018-03-06 09:20:45",HDFC,139476,1801.95
189603,"2018-03-06 09:20:45",INFY,145841,1158.8
189600,"2018-03-06 09:20:45",LT,72386,1315
189604,"2018-03-06 09:20:45",MINDTREE,249922,855.45
189598,"2018-03-06 09:20:45",SUNPHARMA,978491,553
189605,"2018-03-06 09:20:45",TCS,86849,3099
189601,"2018-03-06 09:20:45",VEDL,1009649,325.7
189612,"2018-03-06 09:20:46",BIOCON,128230,628.55
189607,"2018-03-06 09:20:46",HDFC,140228,1802
189608,"2018-03-06 09:20:46",LT,73169,1315
189613,"2018-03-06 09:20:46",MARUTI,22452,8853.95
189606,"2018-03-06 09:20:46",RELIANCE,378509,932.45
189611,"2018-03-06 09:20:46",SUNPHARMA,979790,553.35
189610,"2018-03-06 09:20:46",TATASTEEL,482328,671.2
189609,"2018-03-06 09:20:46",VEDL,1010745,325.7
189622,"2018-03-06 09:20:47",BHARTIARTL,199109,423.2
189615,"2018-03-06 09:20:47",HDFC,140340,1802.05
189616,"2018-03-06 09:20:47",INFY,146132,1159.1
189617,"2018-03-06 09:20:47",LT,74606,1315
189620,"2018-03-06 09:20:47",MARUTI,22476,8854.5
189614,"2018-03-06 09:20:47",RELIANCE,378609,932.45
189621,"2018-03-06 09:20:47",SUNPHARMA,981368,553
189619,"2018-03-06 09:20:47",TCS,87048,3099
189618,"2018-03-06 09:20:47",VEDL,1014671,325.7
189623,"2018-03-06 09:20:48",HDFC,140503,1802.75
189624,"2018-03-06 09:20:48",INFY,146373,1159.1
189625,"2018-03-06 09:20:48",LT,75331,1315
189628,"2018-03-06 09:20:48",MINDTREE,250091,855.95
189627,"2018-03-06 09:20:48",TATASTEEL,483976,671
189626,"2018-03-06 09:20:48",VEDL,1016062,325.8
189631,"2018-03-06 09:20:49",HDFC,140603,1802.15
189632,"2018-03-06 09:20:49",INFY,146491,1159.1
189633,"2018-03-06 09:20:49",LT,75689,1315
189635,"2018-03-06 09:20:49",MINDTREE,250208,855.7
189636,"2018-03-06 09:20:49",RELIANCE,378694,932.35
189630,"2018-03-06 09:20:49",SUNPHARMA,982370,553.3
189637,"2018-03-06 09:20:49",TATASTEEL,484207,671.25
189629,"2018-03-06 09:20:49",TCS,87761,3099.5
189634,"2018-03-06 09:20:49",VEDL,1022091,325.6
189641,"2018-03-06 09:20:50",LT,76004,1314.95
189638,"2018-03-06 09:20:50",SUNPHARMA,983289,553
189640,"2018-03-06 09:20:50",TATASTEEL,485044,671.15
189639,"2018-03-06 09:20:50",VEDL,1028913,325.8
189649,"2018-03-06 09:20:51",BHARTIARTL,200560,423.3
189650,"2018-03-06 09:20:51",BIOCON,128675,628.55
189643,"2018-03-06 09:20:51",HDFC,140660,1802.75
189646,"2018-03-06 09:20:51",INFY,146831,1159.15
189647,"2018-03-06 09:20:51",LT,76167,1314.95
189644,"2018-03-06 09:20:51",MINDTREE,250343,855.65
189648,"2018-03-06 09:20:51",RELIANCE,378938,932.45
189642,"2018-03-06 09:20:51",TATASTEEL,485195,671.15
189645,"2018-03-06 09:20:51",TCS,88602,3100.2
189651,"2018-03-06 09:20:51",VEDL,1032045,325.75
189657,"2018-03-06 09:20:52",BHARTIARTL,201197,423.45
189658,"2018-03-06 09:20:52",BIOCON,128733,628.45
189655,"2018-03-06 09:20:52",INFY,147039,1159.15
189654,"2018-03-06 09:20:52",MARUTI,22481,8853.05
189652,"2018-03-06 09:20:52",MINDTREE,252453,855.8
189656,"2018-03-06 09:20:52",SUNPHARMA,983720,553.05
189653,"2018-03-06 09:20:52",TATASTEEL,486045,671
189660,"2018-03-06 09:20:52",TCS,88971,3100
189659,"2018-03-06 09:20:52",VEDL,1034550,325.75
189664,"2018-03-06 09:20:53",BIOCON,128836,628.5
189665,"2018-03-06 09:20:53",HDFC,140690,1802.3
189662,"2018-03-06 09:20:53",MARUTI,22500,8854.5
189661,"2018-03-06 09:20:53",MINDTREE,252518,855.75
189666,"2018-03-06 09:20:53",SUNPHARMA,985063,553.4
189663,"2018-03-06 09:20:53",TATASTEEL,486685,671.25
189667,"2018-03-06 09:20:53",VEDL,1036371,325.8
189669,"2018-03-06 09:20:54",RELIANCE,379124,932.45
189668,"2018-03-06 09:20:54",TCS,89051,3100.8
189670,"2018-03-06 09:20:54",VEDL,1036965,325.7
189677,"2018-03-06 09:20:55",HDFC,140874,1802.75
189671,"2018-03-06 09:20:55",INFY,147069,1159.1
189672,"2018-03-06 09:20:55",LT,76222,1315
189673,"2018-03-06 09:20:55",MINDTREE,252918,855.1
189675,"2018-03-06 09:20:55",RELIANCE,379253,932.45
189674,"2018-03-06 09:20:55",TATASTEEL,488855,671.2
189676,"2018-03-06 09:20:55",TATASTEEL,489422,671.3
189678,"2018-03-06 09:20:55",VEDL,1042286,325.9
189683,"2018-03-06 09:20:56",HDFC,140905,1802.65
189679,"2018-03-06 09:20:56",INFY,147104,1159.2
189680,"2018-03-06 09:20:56",LT,77397,1315
189684,"2018-03-06 09:20:56",MINDTREE,253073,855.95
189681,"2018-03-06 09:20:56",SUNPHARMA,992623,553
189685,"2018-03-06 09:20:56",TATASTEEL,489542,671.2
189682,"2018-03-06 09:20:56",VEDL,1044884,325.75
189690,"2018-03-06 09:20:57",BHARTIARTL,201392,423.3
189691,"2018-03-06 09:20:57",HDFC,140939,1802.75
189686,"2018-03-06 09:20:57",LT,77577,1315
189689,"2018-03-06 09:20:57",MARUTI,22531,8854
189692,"2018-03-06 09:20:57",RELIANCE,380865,932.3
189687,"2018-03-06 09:20:57",SUNPHARMA,993305,553.2
189693,"2018-03-06 09:20:57",TCS,89337,3101.6
189688,"2018-03-06 09:20:57",VEDL,1045727,325.8
189701,"2018-03-06 09:20:58",HDFC,141054,1802.8
189695,"2018-03-06 09:20:58",INFY,147226,1159.2
189696,"2018-03-06 09:20:58",LT,77799,1315
189697,"2018-03-06 09:20:58",MARUTI,22558,8854
189694,"2018-03-06 09:20:58",MINDTREE,253174,855.35
189699,"2018-03-06 09:20:58",RELIANCE,381330,932.45
189700,"2018-03-06 09:20:58",SUNPHARMA,995800,553
189698,"2018-03-06 09:20:58",TATASTEEL,489852,671.25
189703,"2018-03-06 09:20:58",TCS,89461,3100.1
189702,"2018-03-06 09:20:58",VEDL,1049438,325.8
189709,"2018-03-06 09:20:59",HDFC,141086,1802.8
189705,"2018-03-06 09:20:59",INFY,147313,1159.15
189706,"2018-03-06 09:20:59",LT,77856,1315
189707,"2018-03-06 09:20:59",MARUTI,22722,8850.2
189710,"2018-03-06 09:20:59",RELIANCE,381433,932.45
189708,"2018-03-06 09:20:59",SUNPHARMA,996415,553
189704,"2018-03-06 09:20:59",TATASTEEL,489952,671.25
189711,"2018-03-06 09:20:59",VEDL,1051560,325.8
189714,"2018-03-06 09:21:00",BHARTIARTL,201520,423.3
189715,"2018-03-06 09:21:00",BIOCON,128909,628.5
189719,"2018-03-06 09:21:00",INFY,147345,1159.1
189717,"2018-03-06 09:21:00",MARUTI,22728,8854.4
189712,"2018-03-06 09:21:00",MINDTREE,253921,854.7
189720,"2018-03-06 09:21:00",RELIANCE,382480,932.35
189713,"2018-03-06 09:21:00",SUNPHARMA,996957,553
189721,"2018-03-06 09:21:00",SUNPHARMA,998822,553.05
189722,"2018-03-06 09:21:00",TATASTEEL,490302,671.25
189718,"2018-03-06 09:21:00",TCS,89531,3100.55
189716,"2018-03-06 09:21:00",VEDL,1052681,325.8
189724,"2018-03-06 09:21:01",BHARTIARTL,201956,423.3
189725,"2018-03-06 09:21:01",BIOCON,129009,628.5
189729,"2018-03-06 09:21:01",INFY,147447,1159.15
189730,"2018-03-06 09:21:01",LT,79734,1315
189727,"2018-03-06 09:21:01",MARUTI,22739,8853.05
189723,"2018-03-06 09:21:01",RELIANCE,382634,932.5
189728,"2018-03-06 09:21:01",TATASTEEL,491502,671.3
189726,"2018-03-06 09:21:01",VEDL,1055929,325.9
189733,"2018-03-06 09:21:02",BHARTIARTL,202003,423.3
189736,"2018-03-06 09:21:02",HDFC,142470,1803.6
189737,"2018-03-06 09:21:02",LT,80069,1315
189731,"2018-03-06 09:21:02",RELIANCE,382831,932.35
189732,"2018-03-06 09:21:02",SUNPHARMA,999462,553.4
189735,"2018-03-06 09:21:02",TATASTEEL,492149,671.3
189734,"2018-03-06 09:21:02",VEDL,1062542,326
189743,"2018-03-06 09:21:03",BHARTIARTL,202078,423.35
189740,"2018-03-06 09:21:03",BIOCON,129877,628.5
189741,"2018-03-06 09:21:03",INFY,149032,1158.9
189746,"2018-03-06 09:21:03",MARUTI,22755,8854.45
189742,"2018-03-06 09:21:03",MINDTREE,254042,855.5
189739,"2018-03-06 09:21:03",SUNPHARMA,1000199,553.4
189738,"2018-03-06 09:21:03",TATASTEEL,493683,671.4
189745,"2018-03-06 09:21:03",TCS,90035,3101.6
189744,"2018-03-06 09:21:03",VEDL,1080294,326.15
189747,"2018-03-06 09:21:04",BIOCON,129948,628.5
189754,"2018-03-06 09:21:04",HDFC,142509,1803.6
189748,"2018-03-06 09:21:04",INFY,150456,1159
189755,"2018-03-06 09:21:04",INFY,150677,1158.9
189749,"2018-03-06 09:21:04",LT,80242,1315
189756,"2018-03-06 09:21:04",MINDTREE,254255,855.55
189750,"2018-03-06 09:21:04",RELIANCE,384083,932.4
189753,"2018-03-06 09:21:04",SUNPHARMA,1000834,553.45
189751,"2018-03-06 09:21:04",TATASTEEL,494096,671.35
189752,"2018-03-06 09:21:04",TCS,90206,3101.1
189757,"2018-03-06 09:21:04",VEDL,1081979,326.05
189760,"2018-03-06 09:21:05",BIOCON,130048,628.5
189761,"2018-03-06 09:21:05",LT,80274,1315
189759,"2018-03-06 09:21:05",RELIANCE,384382,932.4
189762,"2018-03-06 09:21:05",SUNPHARMA,1003982,553.1
189758,"2018-03-06 09:21:05",TATASTEEL,497752,671.85
189770,"2018-03-06 09:21:06",BIOCON,131330,628.45
189763,"2018-03-06 09:21:06",HDFC,142575,1803.65
189764,"2018-03-06 09:21:06",INFY,151273,1159
189765,"2018-03-06 09:21:06",LT,80468,1315
189768,"2018-03-06 09:21:06",RELIANCE,385869,932.45
189769,"2018-03-06 09:21:06",SUNPHARMA,1006457,553.3
189767,"2018-03-06 09:21:06",TCS,90226,3102.8
189771,"2018-03-06 09:21:06",TCS,90352,3101.15
189766,"2018-03-06 09:21:06",VEDL,1083003,326.1
189773,"2018-03-06 09:21:07",BHARTIARTL,203138,423.6
189777,"2018-03-06 09:21:07",BIOCON,131434,628.4
189778,"2018-03-06 09:21:07",HDFC,142658,1803.9
189774,"2018-03-06 09:21:07",LT,80651,1315
189772,"2018-03-06 09:21:07",RELIANCE,386058,932.4
189779,"2018-03-06 09:21:07",SUNPHARMA,1006978,553.4
189776,"2018-03-06 09:21:07",TATASTEEL,499124,672
189775,"2018-03-06 09:21:07",VEDL,1084053,326.25
189781,"2018-03-06 09:21:08",MARUTI,22797,8852.25
189780,"2018-03-06 09:21:08",VEDL,1087274,326.25
189792,"2018-03-06 09:21:09",BIOCON,131484,628.5
189786,"2018-03-06 09:21:09",HDFC,142699,1803.9
189793,"2018-03-06 09:21:09",HDFC,142729,1803.9
189787,"2018-03-06 09:21:09",INFY,151427,1158.9
189794,"2018-03-06 09:21:09",INFY,152682,1158.8
189782,"2018-03-06 09:21:09",MINDTREE,254332,855.4
189795,"2018-03-06 09:21:09",MINDTREE,254452,855.7
189783,"2018-03-06 09:21:09",RELIANCE,386363,932.55
189785,"2018-03-06 09:21:09",RELIANCE,387161,932.7
189784,"2018-03-06 09:21:09",SUNPHARMA,1007474,553.55
189791,"2018-03-06 09:21:09",SUNPHARMA,1008186,553.05
189789,"2018-03-06 09:21:09",TATASTEEL,500264,671.85
189790,"2018-03-06 09:21:09",TCS,90385,3101.1
189788,"2018-03-06 09:21:09",VEDL,1088710,326.2
189797,"2018-03-06 09:21:10",BHARTIARTL,203633,423.8
189801,"2018-03-06 09:21:10",HDFC,142900,1803.9
189802,"2018-03-06 09:21:10",INFY,152722,1158.8
189798,"2018-03-06 09:21:10",LT,80832,1315
189796,"2018-03-06 09:21:10",MARUTI,22810,8851.15
189803,"2018-03-06 09:21:10",MINDTREE,254752,855.35
189804,"2018-03-06 09:21:10",RELIANCE,387433,932.7
189805,"2018-03-06 09:21:10",SUNPHARMA,1009598,553
189800,"2018-03-06 09:21:10",TATASTEEL,501290,672
189799,"2018-03-06 09:21:10",VEDL,1093465,326.3
189807,"2018-03-06 09:21:11",LT,81029,1315
189806,"2018-03-06 09:21:11",RELIANCE,387895,932.7
189808,"2018-03-06 09:21:11",SUNPHARMA,1011147,553.15
189809,"2018-03-06 09:21:11",VEDL,1094748,326.25
189812,"2018-03-06 09:21:12",HDFC,142965,1803.9
189813,"2018-03-06 09:21:12",INFY,153526,1158.55
189814,"2018-03-06 09:21:12",LT,81471,1314.95
189818,"2018-03-06 09:21:12",MINDTREE,255106,855.5
189819,"2018-03-06 09:21:12",RELIANCE,389575,932.7
189820,"2018-03-06 09:21:12",SUNPHARMA,1011749,553.2
189810,"2018-03-06 09:21:12",TATASTEEL,508482,672.15
189817,"2018-03-06 09:21:12",TATASTEEL,510703,672.2
189811,"2018-03-06 09:21:12",TCS,90429,3101.1
189816,"2018-03-06 09:21:12",TCS,90461,3101.95
189815,"2018-03-06 09:21:12",VEDL,1097663,326.2
189825,"2018-03-06 09:21:13",BHARTIARTL,203733,424
189826,"2018-03-06 09:21:13",BIOCON,132097,627.7
189821,"2018-03-06 09:21:13",HDFC,143865,1803.9
189822,"2018-03-06 09:21:13",INFY,157058,1158.25
189827,"2018-03-06 09:21:13",LT,81552,1314.95
189823,"2018-03-06 09:21:13",MINDTREE,255256,855.7
189828,"2018-03-06 09:21:13",RELIANCE,389739,932.7
189829,"2018-03-06 09:21:13",SUNPHARMA,1012051,553.05
189824,"2018-03-06 09:21:13",VEDL,1103004,326.35
189836,"2018-03-06 09:21:14",HDFC,144098,1803.9
189833,"2018-03-06 09:21:14",INFY,157090,1158.5
189834,"2018-03-06 09:21:14",LT,81652,1315
189830,"2018-03-06 09:21:14",MARUTI,22816,8851.2
189835,"2018-03-06 09:21:14",MINDTREE,255560,855.7
189831,"2018-03-06 09:21:14",TATASTEEL,513353,671.75
189832,"2018-03-06 09:21:14",TCS,90772,3103.6
189837,"2018-03-06 09:21:14",VEDL,1104684,326.15
189844,"2018-03-06 09:21:15",BHARTIARTL,203868,423.9
189847,"2018-03-06 09:21:15",BHARTIARTL,204296,423.9
189848,"2018-03-06 09:21:15",BIOCON,132152,628
189845,"2018-03-06 09:21:15",HDFC,144139,1803.75
189841,"2018-03-06 09:21:15",INFY,157670,1158.35
189850,"2018-03-06 09:21:15",MARUTI,22821,8852.1
189842,"2018-03-06 09:21:15",MINDTREE,255714,855.95
189838,"2018-03-06 09:21:15",RELIANCE,390383,932.7
189846,"2018-03-06 09:21:15",RELIANCE,390576,932.65
189843,"2018-03-06 09:21:15",SUNPHARMA,1012371,553.2
189839,"2018-03-06 09:21:15",TATASTEEL,513849,672.25
189840,"2018-03-06 09:21:15",TCS,90815,3103.1
189849,"2018-03-06 09:21:15",VEDL,1106346,326.3
189854,"2018-03-06 09:21:16",BHARTIARTL,204686,423.9
189855,"2018-03-06 09:21:16",BIOCON,132517,628
189851,"2018-03-06 09:21:16",HDFC,144224,1803.9
189852,"2018-03-06 09:21:16",INFY,158375,1158.4
189853,"2018-03-06 09:21:16",RELIANCE,390859,932.55
189858,"2018-03-06 09:21:16",TATASTEEL,514252,671.9
189857,"2018-03-06 09:21:16",TCS,91052,3103.65
189856,"2018-03-06 09:21:16",VEDL,1107356,326.2
189865,"2018-03-06 09:21:17",BHARTIARTL,205073,423.9
189859,"2018-03-06 09:21:17",HDFC,144827,1803.8
189860,"2018-03-06 09:21:17",INFY,158689,1158.4
189866,"2018-03-06 09:21:17",LT,81852,1314.9
189861,"2018-03-06 09:21:17",MINDTREE,255771,855.8
189862,"2018-03-06 09:21:17",SUNPHARMA,1012713,553.4
189864,"2018-03-06 09:21:17",TATASTEEL,514752,672.15
189863,"2018-03-06 09:21:17",TCS,91239,3103.65
189876,"2018-03-06 09:21:18",BHARTIARTL,205573,423.95
189867,"2018-03-06 09:21:18",HDFC,144884,1803.85
189868,"2018-03-06 09:21:18",INFY,158822,1158.4
189873,"2018-03-06 09:21:18",MARUTI,22827,8852.95
189869,"2018-03-06 09:21:18",MINDTREE,255871,855.7
189870,"2018-03-06 09:21:18",RELIANCE,391261,932.65
189875,"2018-03-06 09:21:18",SUNPHARMA,1016455,553.2
189874,"2018-03-06 09:21:18",TATASTEEL,515307,672
189872,"2018-03-06 09:21:18",TCS,91361,3103.65
189871,"2018-03-06 09:21:18",VEDL,1110760,326.15
189880,"2018-03-06 09:21:19",BIOCON,132617,628
189877,"2018-03-06 09:21:19",HDFC,144987,1804
189878,"2018-03-06 09:21:19",INFY,158862,1158.55
189882,"2018-03-06 09:21:19",MARUTI,22844,8852.95
189879,"2018-03-06 09:21:19",RELIANCE,392003,932.6
189884,"2018-03-06 09:21:19",SUNPHARMA,1016815,553.2
189883,"2018-03-06 09:21:19",TATASTEEL,515907,672
189881,"2018-03-06 09:21:19",VEDL,1113842,326.2
189885,"2018-03-06 09:21:20",BIOCON,132817,627.85
189887,"2018-03-06 09:21:20",MINDTREE,255991,855.75
189888,"2018-03-06 09:21:20",RELIANCE,392247,932.6
189889,"2018-03-06 09:21:20",TATASTEEL,516407,671.65
189890,"2018-03-06 09:21:20",TCS,91415,3104.3
189886,"2018-03-06 09:21:20",VEDL,1115427,326.2
189898,"2018-03-06 09:21:21",INFY,159045,1158.8
189891,"2018-03-06 09:21:21",LT,81905,1315
189894,"2018-03-06 09:21:21",MARUTI,22885,8852.95
189896,"2018-03-06 09:21:21",MINDTREE,256051,855.8
189892,"2018-03-06 09:21:21",RELIANCE,392478,932.65
189897,"2018-03-06 09:21:21",SUNPHARMA,1019529,553.45
189895,"2018-03-06 09:21:21",TATASTEEL,518238,671.5
189893,"2018-03-06 09:21:21",VEDL,1116438,326.3
189904,"2018-03-06 09:21:22",HDFC,145363,1804.25
189901,"2018-03-06 09:21:22",LT,82005,1315
189899,"2018-03-06 09:21:22",MARUTI,22932,8849
189905,"2018-03-06 09:21:22",MINDTREE,256580,855.7
189900,"2018-03-06 09:21:22",RELIANCE,392705,932.65
189903,"2018-03-06 09:21:22",SUNPHARMA,1022158,553
189902,"2018-03-06 09:21:22",VEDL,1126361,326.3
189909,"2018-03-06 09:21:23",BIOCON,134408,627.95
189911,"2018-03-06 09:21:23",HDFC,145566,1804.25
189912,"2018-03-06 09:21:23",INFY,159545,1158.9
189908,"2018-03-06 09:21:23",MARUTI,22963,8850
189906,"2018-03-06 09:21:23",TATASTEEL,518853,671.8
189907,"2018-03-06 09:21:23",TCS,92041,3105.65
189910,"2018-03-06 09:21:23",VEDL,1127736,326.15
189919,"2018-03-06 09:21:24",HDFC,145656,1804.25
189913,"2018-03-06 09:21:24",MARUTI,22991,8852.85
189917,"2018-03-06 09:21:24",MINDTREE,256865,855.1
189920,"2018-03-06 09:21:24",MINDTREE,257365,855.75
189918,"2018-03-06 09:21:24",RELIANCE,393432,932.65
189916,"2018-03-06 09:21:24",SUNPHARMA,1026438,553
189914,"2018-03-06 09:21:24",TATASTEEL,520108,671.5
189915,"2018-03-06 09:21:24",TCS,92360,3104
189921,"2018-03-06 09:21:24",VEDL,1129497,326.25
189922,"2018-03-06 09:21:25",BIOCON,134558,628
189925,"2018-03-06 09:21:25",HDFC,146225,1804.4
189928,"2018-03-06 09:21:25",MARUTI,23250,8844.2
189926,"2018-03-06 09:21:25",RELIANCE,393698,932.65
189924,"2018-03-06 09:21:25",SUNPHARMA,1035376,552.2
189923,"2018-03-06 09:21:25",TCS,92566,3106.5
189927,"2018-03-06 09:21:25",VEDL,1136994,326.1
189932,"2018-03-06 09:21:26",BIOCON,134862,628
189931,"2018-03-06 09:21:26",MINDTREE,257472,855.7
189930,"2018-03-06 09:21:26",TATASTEEL,520253,671.6
189929,"2018-03-06 09:21:26",TCS,92647,3106.4
189938,"2018-03-06 09:21:27",BHARTIARTL,205638,423.9
189943,"2018-03-06 09:21:27",HDFC,146340,1804.6
189933,"2018-03-06 09:21:27",INFY,159606,1158.85
189934,"2018-03-06 09:21:27",LT,84406,1314.95
189936,"2018-03-06 09:21:27",MARUTI,23260,8851.3
189942,"2018-03-06 09:21:27",MINDTREE,257588,855.65
189939,"2018-03-06 09:21:27",RELIANCE,395852,932.5
189937,"2018-03-06 09:21:27",SUNPHARMA,1039491,552.2
189940,"2018-03-06 09:21:27",TATASTEEL,520428,671.5
189941,"2018-03-06 09:21:27",TCS,92974,3105.55
189935,"2018-03-06 09:21:27",VEDL,1139419,326.3
189944,"2018-03-06 09:21:27",VEDL,1144169,326.15
189948,"2018-03-06 09:21:28",BHARTIARTL,205938,423.95
189951,"2018-03-06 09:21:28",BIOCON,135016,627.55
189952,"2018-03-06 09:21:28",HDFC,146512,1804.85
189953,"2018-03-06 09:21:28",INFY,160386,1158.8
189945,"2018-03-06 09:21:28",LT,84708,1314.95
189954,"2018-03-06 09:21:28",MINDTREE,258903,855.45
189946,"2018-03-06 09:21:28",RELIANCE,396506,932.5
189947,"2018-03-06 09:21:28",SUNPHARMA,1041363,552.15
189950,"2018-03-06 09:21:28",TATASTEEL,521708,671.7
189949,"2018-03-06 09:21:28",TCS,93024,3104
189955,"2018-03-06 09:21:28",VEDL,1145838,326.2
189959,"2018-03-06 09:21:29",BHARTIARTL,206561,423.95
189961,"2018-03-06 09:21:29",INFY,160537,1158.8
189960,"2018-03-06 09:21:29",LT,85499,1315
189957,"2018-03-06 09:21:29",MINDTREE,259008,855.1
189958,"2018-03-06 09:21:29",SUNPHARMA,1042273,552
189956,"2018-03-06 09:21:29",TATASTEEL,523494,671.5
189962,"2018-03-06 09:21:29",VEDL,1148799,326.2
189963,"2018-03-06 09:21:30",RELIANCE,397891,932.5
189964,"2018-03-06 09:21:30",SUNPHARMA,1042888,552.05
189971,"2018-03-06 09:21:31",BHARTIARTL,207029,424
189965,"2018-03-06 09:21:31",HDFC,147082,1804.85
189968,"2018-03-06 09:21:31",LT,85578,1315
189972,"2018-03-06 09:21:31",MARUTI,23274,8850.9
189975,"2018-03-06 09:21:31",MINDTREE,259360,855.5
189969,"2018-03-06 09:21:31",RELIANCE,398087,932.4
189970,"2018-03-06 09:21:31",SUNPHARMA,1043768,552
189966,"2018-03-06 09:21:31",TATASTEEL,524055,671.6
189973,"2018-03-06 09:21:31",TATASTEEL,524175,671.75
189967,"2018-03-06 09:21:31",TCS,93143,3105.5
189974,"2018-03-06 09:21:31",TCS,93243,3105
189976,"2018-03-06 09:21:32",HDFC,147155,1804.9
189977,"2018-03-06 09:21:32",RELIANCE,398660,932.35
189978,"2018-03-06 09:21:32",SUNPHARMA,1045123,552.05
189980,"2018-03-06 09:21:32",TATASTEEL,524669,671.7
189981,"2018-03-06 09:21:32",TCS,93296,3105.5
189979,"2018-03-06 09:21:32",VEDL,1156144,326.1
189984,"2018-03-06 09:21:33",HDFC,147236,1804.9
189985,"2018-03-06 09:21:33",INFY,160729,1158.85
189989,"2018-03-06 09:21:33",INFY,161394,1158.8
189990,"2018-03-06 09:21:33",LT,85606,1314.95
189982,"2018-03-06 09:21:33",MARUTI,23305,8848.75
189983,"2018-03-06 09:21:33",MINDTREE,259950,855.5
189991,"2018-03-06 09:21:33",RELIANCE,398871,932.5
189988,"2018-03-06 09:21:33",TATASTEEL,527813,671.6
189987,"2018-03-06 09:21:33",TCS,93552,3105
189986,"2018-03-06 09:21:33",VEDL,1156563,326.1
189993,"2018-03-06 09:21:34",BIOCON,135066,627.65
189995,"2018-03-06 09:21:34",LT,86415,1314.95
189992,"2018-03-06 09:21:34",MARUTI,23322,8848.75
189996,"2018-03-06 09:21:34",MINDTREE,260317,855.5
189997,"2018-03-06 09:21:34",SUNPHARMA,1046297,552.2
189994,"2018-03-06 09:21:34",VEDL,1158605,326.2
190001,"2018-03-06 09:21:35",BHARTIARTL,207314,423.95
190002,"2018-03-06 09:21:35",HDFC,147747,1804.85
190003,"2018-03-06 09:21:35",INFY,162041,1158.85
189998,"2018-03-06 09:21:35",MARUTI,23349,8846.5
189999,"2018-03-06 09:21:35",TATASTEEL,527989,671.6
190000,"2018-03-06 09:21:35",TCS,93702,3105
190004,"2018-03-06 09:21:35",VEDL,1159912,326.1
190005,"2018-03-06 09:21:36",HDFC,148642,1805
190006,"2018-03-06 09:21:36",INFY,162573,1158.8
190007,"2018-03-06 09:21:36",MINDTREE,260389,855.5
190008,"2018-03-06 09:21:36",SUNPHARMA,1046874,552
190010,"2018-03-06 09:21:36",TATASTEEL,532816,671.6
190009,"2018-03-06 09:21:36",TCS,93802,3105
190016,"2018-03-06 09:21:37",BHARTIARTL,207422,423.95
190017,"2018-03-06 09:21:37",HDFC,148785,1805.05
190011,"2018-03-06 09:21:37",LT,87859,1314.35
190022,"2018-03-06 09:21:37",LT,88104,1314.35
190015,"2018-03-06 09:21:37",MARUTI,23358,8848.75
190021,"2018-03-06 09:21:37",MARUTI,23368,8848.75
190018,"2018-03-06 09:21:37",MINDTREE,260506,855.5
190012,"2018-03-06 09:21:37",RELIANCE,399980,932.35
190023,"2018-03-06 09:21:37",RELIANCE,401293,932.2
190013,"2018-03-06 09:21:37",SUNPHARMA,1047699,552.15
190024,"2018-03-06 09:21:37",SUNPHARMA,1048920,552
190019,"2018-03-06 09:21:37",TATASTEEL,534638,671.8
190020,"2018-03-06 09:21:37",TCS,94112,3105.5
190014,"2018-03-06 09:21:37",VEDL,1166122,326.1
190025,"2018-03-06 09:21:37",VEDL,1201333,326.15
190027,"2018-03-06 09:21:38",HDFC,149204,1805
190028,"2018-03-06 09:21:38",INFY,162840,1158.7
190031,"2018-03-06 09:21:38",LT,88966,1314.5
190026,"2018-03-06 09:21:38",MINDTREE,260563,855.6
190029,"2018-03-06 09:21:38",TATASTEEL,535234,671.6
190030,"2018-03-06 09:21:38",TCS,94213,3104.65
190032,"2018-03-06 09:21:38",VEDL,1204453,326.1
190034,"2018-03-06 09:21:39",BHARTIARTL,207522,423.95
190040,"2018-03-06 09:21:39",BIOCON,135616,627.85
190035,"2018-03-06 09:21:39",HDFC,149555,1805.35
190036,"2018-03-06 09:21:39",INFY,162896,1158.7
190042,"2018-03-06 09:21:39",MARUTI,23404,8846.75
190039,"2018-03-06 09:21:39",RELIANCE,401504,932.4
190033,"2018-03-06 09:21:39",SUNPHARMA,1049960,552
190037,"2018-03-06 09:21:39",TATASTEEL,535470,671.6
190038,"2018-03-06 09:21:39",TCS,94290,3105
190041,"2018-03-06 09:21:39",VEDL,1223953,326.1
190047,"2018-03-06 09:21:40",BHARTIARTL,207622,424
190043,"2018-03-06 09:21:40",HDFC,149625,1805
190044,"2018-03-06 09:21:40",INFY,163172,1158.7
190051,"2018-03-06 09:21:40",LT,89095,1315
190049,"2018-03-06 09:21:40",MARUTI,23437,8846.35
190045,"2018-03-06 09:21:40",MINDTREE,260759,855.5
190046,"2018-03-06 09:21:40",SUNPHARMA,1051762,552
190050,"2018-03-06 09:21:40",TATASTEEL,535696,671.6
190048,"2018-03-06 09:21:40",TCS,94447,3105
190052,"2018-03-06 09:21:41",BHARTIARTL,207665,423.95
190053,"2018-03-06 09:21:41",INFY,163228,1158.7
190060,"2018-03-06 09:21:41",LT,89120,1314.5
190057,"2018-03-06 09:21:41",MARUTI,23452,8846.75
190054,"2018-03-06 09:21:41",MINDTREE,260839,855.7
190055,"2018-03-06 09:21:41",SUNPHARMA,1052998,552.25
190058,"2018-03-06 09:21:41",TATASTEEL,536936,671.6
190059,"2018-03-06 09:21:41",TCS,94631,3106
190056,"2018-03-06 09:21:41",VEDL,1226404,326.2
190063,"2018-03-06 09:21:42",BHARTIARTL,207792,424
190064,"2018-03-06 09:21:42",HDFC,149799,1805.1
190061,"2018-03-06 09:21:42",INFY,163278,1158.5
190066,"2018-03-06 09:21:42",MARUTI,23466,8846.75
190068,"2018-03-06 09:21:42",MINDTREE,261492,856
190062,"2018-03-06 09:21:42",RELIANCE,401801,932.4
190069,"2018-03-06 09:21:42",SUNPHARMA,1054720,552.25
190067,"2018-03-06 09:21:42",TCS,95182,3105.9
190065,"2018-03-06 09:21:42",VEDL,1233677,326.15
190072,"2018-03-06 09:21:43",BHARTIARTL,207992,424
190078,"2018-03-06 09:21:43",BIOCON,142590,627.5
190073,"2018-03-06 09:21:43",HDFC,149936,1805.55
190070,"2018-03-06 09:21:43",LT,91259,1315
190071,"2018-03-06 09:21:43",RELIANCE,401980,932.2
190077,"2018-03-06 09:21:43",SUNPHARMA,1056474,552.25
190075,"2018-03-06 09:21:43",TATASTEEL,537049,671.8
190076,"2018-03-06 09:21:43",TCS,95279,3105.9
190074,"2018-03-06 09:21:43",VEDL,1234157,326.2
190082,"2018-03-06 09:21:44",BHARTIARTL,208042,424
190079,"2018-03-06 09:21:44",LT,91934,1315
190084,"2018-03-06 09:21:44",MARUTI,23476,8846.35
190080,"2018-03-06 09:21:44",RELIANCE,403115,932.35
190081,"2018-03-06 09:21:44",SUNPHARMA,1056855,552.25
190083,"2018-03-06 09:21:44",VEDL,1254144,326.2
190088,"2018-03-06 09:21:45",BIOCON,142709,627.65
190094,"2018-03-06 09:21:45",BIOCON,142801,627.5
190089,"2018-03-06 09:21:45",HDFC,149975,1805.2
190085,"2018-03-06 09:21:45",LT,92429,1315
190090,"2018-03-06 09:21:45",MARUTI,23491,8846.75
190086,"2018-03-06 09:21:45",MINDTREE,262008,855.1
190093,"2018-03-06 09:21:45",RELIANCE,403265,932.35
190087,"2018-03-06 09:21:45",SUNPHARMA,1058113,552.05
190091,"2018-03-06 09:21:45",TATASTEEL,540445,671.8
190092,"2018-03-06 09:21:45",TCS,95349,3105.9
190095,"2018-03-06 09:21:45",VEDL,1262166,326.4
190105,"2018-03-06 09:21:46",BHARTIARTL,211219,423.95
190099,"2018-03-06 09:21:46",HDFC,150114,1805.4
190100,"2018-03-06 09:21:46",INFY,163598,1158.6
190101,"2018-03-06 09:21:46",LT,92871,1315
190098,"2018-03-06 09:21:46",MARUTI,23523,8846.75
190102,"2018-03-06 09:21:46",MINDTREE,262266,855.4
190104,"2018-03-06 09:21:46",RELIANCE,403365,932.35
190103,"2018-03-06 09:21:46",SUNPHARMA,1060603,552.25
190096,"2018-03-06 09:21:46",TATASTEEL,540842,671.65
190097,"2018-03-06 09:21:46",TCS,95456,3105.45
190106,"2018-03-06 09:21:46",VEDL,1263138,326.2
190111,"2018-03-06 09:21:47",HDFC,150260,1805.4
190109,"2018-03-06 09:21:47",LT,94050,1315
190107,"2018-03-06 09:21:47",MARUTI,23566,8846.75
190110,"2018-03-06 09:21:47",SUNPHARMA,1061241,552.05
190112,"2018-03-06 09:21:47",TATASTEEL,540983,671.65
190108,"2018-03-06 09:21:47",TCS,95988,3104.2
190113,"2018-03-06 09:21:48",BHARTIARTL,211926,423.95
190120,"2018-03-06 09:21:48",BHARTIARTL,211976,423.95
190117,"2018-03-06 09:21:48",LT,94432,1314.95
190118,"2018-03-06 09:21:48",MINDTREE,263254,855.2
190119,"2018-03-06 09:21:48",RELIANCE,404834,932.35
190114,"2018-03-06 09:21:48",SUNPHARMA,1061561,552.2
190116,"2018-03-06 09:21:48",TATASTEEL,542849,671.7
190115,"2018-03-06 09:21:48",VEDL,1278445,326.35
190122,"2018-03-06 09:21:49",BIOCON,143001,627.65
190125,"2018-03-06 09:21:49",INFY,163756,1158.5
190126,"2018-03-06 09:21:49",LT,94867,1314.8
190127,"2018-03-06 09:21:49",RELIANCE,406317,932.35
190121,"2018-03-06 09:21:49",SUNPHARMA,1062640,552.05
190124,"2018-03-06 09:21:49",TATASTEEL,545455,671.65
190123,"2018-03-06 09:21:49",VEDL,1280010,326.35
190128,"2018-03-06 09:21:49",VEDL,1283083,326.5
190132,"2018-03-06 09:21:50",BIOCON,143421,627.1
190130,"2018-03-06 09:21:50",HDFC,150586,1805.75
190133,"2018-03-06 09:21:50",INFY,163956,1158.75
190134,"2018-03-06 09:21:50",LT,95137,1314.8
190135,"2018-03-06 09:21:50",MARUTI,23589,8845.95
190131,"2018-03-06 09:21:50",SUNPHARMA,1064740,552.3
190129,"2018-03-06 09:21:50",TATASTEEL,546221,671.65
190136,"2018-03-06 09:21:50",TCS,96148,3104
190138,"2018-03-06 09:21:51",BHARTIARTL,216779,423.35
190139,"2018-03-06 09:21:51",BIOCON,145147,627.1
190140,"2018-03-06 09:21:51",HDFC,150622,1805.7
190144,"2018-03-06 09:21:51",LT,95224,1314.35
190145,"2018-03-06 09:21:51",MINDTREE,263354,855.5
190137,"2018-03-06 09:21:51",RELIANCE,407280,932.4
190146,"2018-03-06 09:21:51",SUNPHARMA,1065340,552.3
190143,"2018-03-06 09:21:51",TATASTEEL,547432,671.6
190142,"2018-03-06 09:21:51",TCS,96248,3104
190141,"2018-03-06 09:21:51",VEDL,1283952,326.45
190149,"2018-03-06 09:21:52",BHARTIARTL,217796,422.8
190150,"2018-03-06 09:21:52",BIOCON,145277,627
190152,"2018-03-06 09:21:52",HDFC,150769,1805.45
190153,"2018-03-06 09:21:52",MINDTREE,263788,855.5
190148,"2018-03-06 09:21:52",RELIANCE,408384,932.5
190154,"2018-03-06 09:21:52",SUNPHARMA,1065958,552.3
190147,"2018-03-06 09:21:52",TATASTEEL,548432,671.7
190151,"2018-03-06 09:21:52",VEDL,1290968,326.45
190159,"2018-03-06 09:21:53",BHARTIARTL,218263,423.1
190155,"2018-03-06 09:21:53",HDFC,150985,1805.9
190156,"2018-03-06 09:21:53",INFY,164461,1158.5
190157,"2018-03-06 09:21:53",LT,95415,1314.65
190158,"2018-03-06 09:21:53",RELIANCE,409345,932.5
190161,"2018-03-06 09:21:53",TATASTEEL,548839,671.5
190162,"2018-03-06 09:21:53",TCS,96290,3103.75
190160,"2018-03-06 09:21:53",VEDL,1303437,326.75
190170,"2018-03-06 09:21:54",BIOCON,145484,627.25
190168,"2018-03-06 09:21:54",HDFC,151412,1805.4
190165,"2018-03-06 09:21:54",INFY,164526,1158.5
190171,"2018-03-06 09:21:54",LT,95467,1314.7
190166,"2018-03-06 09:21:54",MINDTREE,264589,855.7
190169,"2018-03-06 09:21:54",RELIANCE,410444,932.4
190167,"2018-03-06 09:21:54",SUNPHARMA,1067248,552.2
190163,"2018-03-06 09:21:54",TATASTEEL,551676,671.5
190164,"2018-03-06 09:21:54",TCS,96339,3103.8
190172,"2018-03-06 09:21:54",VEDL,1308047,326.5
190176,"2018-03-06 09:21:55",BHARTIARTL,218787,423
190177,"2018-03-06 09:21:55",BIOCON,147641,627.3
190174,"2018-03-06 09:21:55",LT,96493,1314.9
190175,"2018-03-06 09:21:55",RELIANCE,410608,932.4
190173,"2018-03-06 09:21:55",SUNPHARMA,1068238,552.25
190178,"2018-03-06 09:21:55",TATASTEEL,554377,671.95
190179,"2018-03-06 09:21:55",TCS,96619,3103.75
190186,"2018-03-06 09:21:56",BHARTIARTL,219907,423.2
190187,"2018-03-06 09:21:56",INFY,164603,1158.7
190180,"2018-03-06 09:21:56",MINDTREE,264709,855.55
190181,"2018-03-06 09:21:56",RELIANCE,410917,932.4
190182,"2018-03-06 09:21:56",SUNPHARMA,1071108,552.25
190184,"2018-03-06 09:21:56",TATASTEEL,555633,671.6
190185,"2018-03-06 09:21:56",TCS,96646,3104.85
190183,"2018-03-06 09:21:56",VEDL,1317907,326.5
190194,"2018-03-06 09:21:57",BIOCON,148246,627
190190,"2018-03-06 09:21:57",HDFC,152238,1805.75
190191,"2018-03-06 09:21:57",INFY,164646,1158.65
190192,"2018-03-06 09:21:57",LT,96617,1314.9
190196,"2018-03-06 09:21:57",LT,96717,1314.9
190188,"2018-03-06 09:21:57",MARUTI,23600,8846.7
190197,"2018-03-06 09:21:57",MINDTREE,265643,856.1
190193,"2018-03-06 09:21:57",RELIANCE,411254,932.4
190198,"2018-03-06 09:21:57",SUNPHARMA,1073319,552.55
190189,"2018-03-06 09:21:57",TATASTEEL,555834,671.9
190195,"2018-03-06 09:21:57",VEDL,1322454,326.65
190205,"2018-03-06 09:21:58",BHARTIARTL,220992,423.9
190206,"2018-03-06 09:21:58",MINDTREE,265749,856.35
190199,"2018-03-06 09:21:58",RELIANCE,411582,932.4
190204,"2018-03-06 09:21:58",SUNPHARMA,1073832,552.85
190202,"2018-03-06 09:21:58",TATASTEEL,558035,671.65
190201,"2018-03-06 09:21:58",TCS,96814,3103.75
190203,"2018-03-06 09:21:58",TCS,97114,3104
190200,"2018-03-06 09:21:58",VEDL,1324610,326.55
190207,"2018-03-06 09:21:59",BIOCON,148454,627.1
190212,"2018-03-06 09:21:59",HDFC,152484,1806
190213,"2018-03-06 09:21:59",LT,97117,1314.5
190209,"2018-03-06 09:21:59",MARUTI,23613,8845.95
190210,"2018-03-06 09:21:59",RELIANCE,411795,932.4
190211,"2018-03-06 09:21:59",SUNPHARMA,1074272,552.8
190208,"2018-03-06 09:21:59",VEDL,1335341,326.65
190215,"2018-03-06 09:22:00",HDFC,152551,1805.75
190219,"2018-03-06 09:22:00",INFY,164772,1158.55
190220,"2018-03-06 09:22:00",LT,97417,1314.8
190222,"2018-03-06 09:22:00",MARUTI,23623,8845.95
190216,"2018-03-06 09:22:00",MINDTREE,265912,856.1
190217,"2018-03-06 09:22:00",RELIANCE,411992,932.4
190218,"2018-03-06 09:22:00",SUNPHARMA,1075562,552.8
190214,"2018-03-06 09:22:00",TCS,97139,3104
190221,"2018-03-06 09:22:00",VEDL,1347404,326.7
190226,"2018-03-06 09:22:01",HDFC,152584,1805.75
190227,"2018-03-06 09:22:01",INFY,164872,1158.65
190230,"2018-03-06 09:22:01",MARUTI,23643,8847
190225,"2018-03-06 09:22:01",MINDTREE,266238,856.4
190228,"2018-03-06 09:22:01",RELIANCE,412207,932.35
190223,"2018-03-06 09:22:01",TATASTEEL,559936,671.9
190224,"2018-03-06 09:22:01",TCS,97189,3103.75
190229,"2018-03-06 09:22:01",VEDL,1353701,326.6
190235,"2018-03-06 09:22:02",HDFC,152678,1806
190233,"2018-03-06 09:22:02",RELIANCE,412494,932.35
190234,"2018-03-06 09:22:02",SUNPHARMA,1076599,552.95
190231,"2018-03-06 09:22:02",TATASTEEL,560724,671.65
190232,"2018-03-06 09:22:02",TCS,97431,3105
190236,"2018-03-06 09:22:02",VEDL,1358397,326.65
190238,"2018-03-06 09:22:03",BIOCON,148554,627.15
190239,"2018-03-06 09:22:03",INFY,164936,1158.6
190243,"2018-03-06 09:22:03",MINDTREE,267414,857
190240,"2018-03-06 09:22:03",RELIANCE,412604,932.4
190237,"2018-03-06 09:22:03",SUNPHARMA,1077891,552.6
190241,"2018-03-06 09:22:03",TATASTEEL,560974,671.65
190242,"2018-03-06 09:22:03",TCS,97454,3105
190244,"2018-03-06 09:22:03",VEDL,1363833,326.65
190248,"2018-03-06 09:22:04",BIOCON,148631,627.45
190249,"2018-03-06 09:22:04",HDFC,152784,1806.1
190250,"2018-03-06 09:22:04",INFY,165348,1158.7
190245,"2018-03-06 09:22:04",LT,97553,1314.65
190251,"2018-03-06 09:22:04",MINDTREE,267565,857.45
190246,"2018-03-06 09:22:04",RELIANCE,412854,932.4
190247,"2018-03-06 09:22:04",SUNPHARMA,1078607,552.65
190253,"2018-03-06 09:22:04",TATASTEEL,562088,671.6
190254,"2018-03-06 09:22:04",TCS,97709,3105.55
190252,"2018-03-06 09:22:04",VEDL,1366768,326.65
190255,"2018-03-06 09:22:05",BIOCON,154676,627.55
190256,"2018-03-06 09:22:05",HDFC,152849,1806.55
190260,"2018-03-06 09:22:05",MINDTREE,267938,857
190257,"2018-03-06 09:22:05",SUNPHARMA,1078869,552.6
190259,"2018-03-06 09:22:05",TATASTEEL,562515,671.6
190258,"2018-03-06 09:22:05",TCS,97731,3105.55
190262,"2018-03-06 09:22:06",BIOCON,155148,627.4
190261,"2018-03-06 09:22:06",SUNPHARMA,1079454,552.6
190264,"2018-03-06 09:22:06",TATASTEEL,562886,671.9
190263,"2018-03-06 09:22:06",VEDL,1373085,326.8
190270,"2018-03-06 09:22:07",HDFC,153153,1806.55
190271,"2018-03-06 09:22:07",INFY,165402,1158.55
190265,"2018-03-06 09:22:07",LT,97771,1314.8
190268,"2018-03-06 09:22:07",MARUTI,23686,8849.95
190272,"2018-03-06 09:22:07",MINDTREE,268059,857.4
190266,"2018-03-06 09:22:07",RELIANCE,413801,932.3
190269,"2018-03-06 09:22:07",SUNPHARMA,1082011,552.4
190273,"2018-03-06 09:22:07",TATASTEEL,566368,671.7
190267,"2018-03-06 09:22:07",VEDL,1375401,326.85
190274,"2018-03-06 09:22:08",BIOCON,155228,627.45
190275,"2018-03-06 09:22:08",HDFC,153205,1806.55
190276,"2018-03-06 09:22:08",RELIANCE,414188,932.35
190278,"2018-03-06 09:22:08",SUNPHARMA,1082927,552.4
190279,"2018-03-06 09:22:08",TATASTEEL,566938,671.7
190277,"2018-03-06 09:22:08",VEDL,1375785,326.8
190282,"2018-03-06 09:22:09",HDFC,153581,1806.95
190283,"2018-03-06 09:22:09",LT,97813,1314.7
190284,"2018-03-06 09:22:09",RELIANCE,415397,932.3
190280,"2018-03-06 09:22:09",SUNPHARMA,1083281,552.4
190281,"2018-03-06 09:22:09",TCS,97797,3105.05
190285,"2018-03-06 09:22:09",VEDL,1377269,326.8
190289,"2018-03-06 09:22:10",BHARTIARTL,221101,423.95
190292,"2018-03-06 09:22:10",HDFC,154767,1807.1
190293,"2018-03-06 09:22:10",LT,97838,1314.7
190290,"2018-03-06 09:22:10",MARUTI,23706,8848.25
190287,"2018-03-06 09:22:10",MINDTREE,268240,857.45
190291,"2018-03-06 09:22:10",RELIANCE,416178,932.3
190288,"2018-03-06 09:22:10",SUNPHARMA,1085266,552.4
190286,"2018-03-06 09:22:10",TATASTEEL,567439,671.8
190294,"2018-03-06 09:22:10",VEDL,1383420,326.7
190300,"2018-03-06 09:22:11",BIOCON,155328,627.55
190301,"2018-03-06 09:22:11",HDFC,155111,1807.1
190296,"2018-03-06 09:22:11",INFY,165545,1158.6
190299,"2018-03-06 09:22:11",MINDTREE,268940,857.45
190297,"2018-03-06 09:22:11",SUNPHARMA,1085683,552.6
190295,"2018-03-06 09:22:11",TATASTEEL,567840,671.65
190298,"2018-03-06 09:22:11",TCS,97854,3105.95
190302,"2018-03-06 09:22:11",VEDL,1390062,326.7
190308,"2018-03-06 09:22:12",LT,98038,1314.8
190303,"2018-03-06 09:22:12",MINDTREE,269061,857.05
190304,"2018-03-06 09:22:12",RELIANCE,416346,932.35
190305,"2018-03-06 09:22:12",SUNPHARMA,1086900,552.7
190307,"2018-03-06 09:22:12",TCS,98270,3105.95
190306,"2018-03-06 09:22:12",VEDL,1390412,326.7
190314,"2018-03-06 09:22:13",BHARTIARTL,221159,423.95
190309,"2018-03-06 09:22:13",HDFC,155256,1807
190312,"2018-03-06 09:22:13",LT,98538,1314.9
190317,"2018-03-06 09:22:13",MARUTI,23749,8847.45
190310,"2018-03-06 09:22:13",RELIANCE,419075,932.35
190313,"2018-03-06 09:22:13",SUNPHARMA,1087466,552.55
190315,"2018-03-06 09:22:13",TATASTEEL,570704,671.65
190316,"2018-03-06 09:22:13",TCS,98835,3105.95
190311,"2018-03-06 09:22:13",VEDL,1403208,326.65
190318,"2018-03-06 09:22:14",BIOCON,156316,627.4
190319,"2018-03-06 09:22:14",HDFC,155303,1807
190324,"2018-03-06 09:22:14",INFY,165789,1158.6
190320,"2018-03-06 09:22:14",RELIANCE,420107,932.3
190323,"2018-03-06 09:22:14",SUNPHARMA,1088099,552.5
190322,"2018-03-06 09:22:14",TCS,98915,3105.05
190321,"2018-03-06 09:22:14",VEDL,1405588,326.75
190325,"2018-03-06 09:22:15",HDFC,155337,1807.1
190326,"2018-03-06 09:22:15",LT,98643,1314.9
190329,"2018-03-06 09:22:15",MINDTREE,269721,857.4
190327,"2018-03-06 09:22:15",RELIANCE,421819,932.3
190330,"2018-03-06 09:22:15",SUNPHARMA,1090126,552.7
190331,"2018-03-06 09:22:15",TATASTEEL,571341,671.85
190332,"2018-03-06 09:22:15",TCS,99015,3105.95
190328,"2018-03-06 09:22:15",VEDL,1408337,326.95
190335,"2018-03-06 09:22:16",BIOCON,156507,627.25
190339,"2018-03-06 09:22:16",HDFC,155378,1807.85
190340,"2018-03-06 09:22:16",INFY,165838,1158.6
190336,"2018-03-06 09:22:16",LT,98713,1314.9
190333,"2018-03-06 09:22:16",MARUTI,23762,8847.45
190341,"2018-03-06 09:22:16",MINDTREE,269987,857.4
190334,"2018-03-06 09:22:16",RELIANCE,422784,932.4
190342,"2018-03-06 09:22:16",SUNPHARMA,1091952,552.75
190338,"2018-03-06 09:22:16",TATASTEEL,572162,671.7
190337,"2018-03-06 09:22:16",VEDL,1430625,327.25
190344,"2018-03-06 09:22:17",BIOCON,156622,627.4
190345,"2018-03-06 09:22:17",INFY,165910,1158.6
190346,"2018-03-06 09:22:17",MARUTI,23805,8847.05
190348,"2018-03-06 09:22:17",MINDTREE,270087,857.4
190343,"2018-03-06 09:22:17",RELIANCE,423001,932.4
190347,"2018-03-06 09:22:17",TCS,99050,3105.95
190353,"2018-03-06 09:22:18",BHARTIARTL,221546,423.95
190354,"2018-03-06 09:22:18",BIOCON,156672,627.4
190359,"2018-03-06 09:22:18",BIOCON,156722,627.35
190355,"2018-03-06 09:22:18",HDFC,156673,1807.15
190356,"2018-03-06 09:22:18",INFY,166010,1158.55
190357,"2018-03-06 09:22:18",LT,99745,1314.85
190349,"2018-03-06 09:22:18",MARUTI,23820,8847.05
190358,"2018-03-06 09:22:18",RELIANCE,423467,932.4
190352,"2018-03-06 09:22:18",SUNPHARMA,1093365,552.55
190350,"2018-03-06 09:22:18",TATASTEEL,572741,671.65
190351,"2018-03-06 09:22:18",TCS,99165,3105
190360,"2018-03-06 09:22:18",VEDL,1438990,326.85
190361,"2018-03-06 09:22:19",BHARTIARTL,222181,423.95
190368,"2018-03-06 09:22:19",BIOCON,157346,627.15
190362,"2018-03-06 09:22:19",HDFC,157533,1807.3
190366,"2018-03-06 09:22:19",LT,101484,1314.85
190363,"2018-03-06 09:22:19",MINDTREE,270839,857.15
190367,"2018-03-06 09:22:19",RELIANCE,423663,932.3
190364,"2018-03-06 09:22:19",SUNPHARMA,1094975,552.4
190365,"2018-03-06 09:22:19",TATASTEEL,574221,671.7
190370,"2018-03-06 09:22:19",TCS,99891,3105.3
190369,"2018-03-06 09:22:19",VEDL,1453509,327.05
190372,"2018-03-06 09:22:20",BHARTIARTL,226483,424.3
190371,"2018-03-06 09:22:20",HDFC,157709,1807.5
190377,"2018-03-06 09:22:21",BHARTIARTL,226877,424.2
190385,"2018-03-06 09:22:21",BIOCON,157671,626.85
190378,"2018-03-06 09:22:21",HDFC,157789,1807.85
190374,"2018-03-06 09:22:21",LT,101916,1315
190386,"2018-03-06 09:22:21",LT,102457,1315
190375,"2018-03-06 09:22:21",MARUTI,23851,8847.4
190382,"2018-03-06 09:22:21",MARUTI,23871,8847.4
190379,"2018-03-06 09:22:21",MINDTREE,272449,857.55
190380,"2018-03-06 09:22:21",RELIANCE,423814,932.2
190373,"2018-03-06 09:22:21",SUNPHARMA,1097026,552.75
190384,"2018-03-06 09:22:21",SUNPHARMA,1099019,552.4
190383,"2018-03-06 09:22:21",TATASTEEL,575622,671.95
190376,"2018-03-06 09:22:21",TCS,100290,3106.95
190381,"2018-03-06 09:22:21",VEDL,1457948,327.05
190390,"2018-03-06 09:22:22",BIOCON,157971,627.5
190391,"2018-03-06 09:22:22",HDFC,158670,1808
190392,"2018-03-06 09:22:22",INFY,166048,1158.6
190393,"2018-03-06 09:22:22",LT,103280,1315
190387,"2018-03-06 09:22:22",RELIANCE,424904,932.35
190394,"2018-03-06 09:22:22",RELIANCE,425073,932.3
190395,"2018-03-06 09:22:22",SUNPHARMA,1099503,552.45
190396,"2018-03-06 09:22:22",TATASTEEL,575991,671.95
190389,"2018-03-06 09:22:22",TCS,100319,3105.95
190397,"2018-03-06 09:22:22",TCS,100538,3105
190388,"2018-03-06 09:22:22",VEDL,1461223,327.05
190400,"2018-03-06 09:22:23",HDFC,158737,1808.4
190401,"2018-03-06 09:22:23",INFY,166098,1158.6
190399,"2018-03-06 09:22:23",SUNPHARMA,1099894,552.75
190402,"2018-03-06 09:22:23",TATASTEEL,576746,671.9
190398,"2018-03-06 09:22:23",VEDL,1470220,327.1
190403,"2018-03-06 09:22:24",BHARTIARTL,226980,424.2
190408,"2018-03-06 09:22:24",BIOCON,158110,627.4
190409,"2018-03-06 09:22:24",HDFC,159218,1808.2
190410,"2018-03-06 09:22:24",INFY,166154,1158.6
190404,"2018-03-06 09:22:24",LT,104453,1315
190405,"2018-03-06 09:22:24",RELIANCE,426001,932.2
190407,"2018-03-06 09:22:24",SUNPHARMA,1100180,552.85
190411,"2018-03-06 09:22:24",TATASTEEL,578146,671.8
190406,"2018-03-06 09:22:24",VEDL,1472855,326.8
190415,"2018-03-06 09:22:25",HDFC,160356,1808.65
190416,"2018-03-06 09:22:25",INFY,166197,1158.6
190413,"2018-03-06 09:22:25",LT,104920,1315
190412,"2018-03-06 09:22:25",MARUTI,23879,8847.4
190414,"2018-03-06 09:22:25",RELIANCE,426192,932.35
190417,"2018-03-06 09:22:25",VEDL,1475028,326.9
190419,"2018-03-06 09:22:26",BHARTIARTL,227480,424.3
190420,"2018-03-06 09:22:26",MARUTI,23885,8847.35
190418,"2018-03-06 09:22:26",SUNPHARMA,1101670,552.85
190421,"2018-03-06 09:22:26",TATASTEEL,579406,671.6
190430,"2018-03-06 09:22:27",BHARTIARTL,229937,424.5
190423,"2018-03-06 09:22:27",BIOCON,158150,627.25
190424,"2018-03-06 09:22:27",HDFC,160390,1808.5
190431,"2018-03-06 09:22:27",HDFC,163468,1808.55
190429,"2018-03-06 09:22:27",LT,107372,1315
190422,"2018-03-06 09:22:27",MINDTREE,272575,857.7
190428,"2018-03-06 09:22:27",SUNPHARMA,1102228,552.7
190427,"2018-03-06 09:22:27",TATASTEEL,581589,671.9
190426,"2018-03-06 09:22:27",TCS,100562,3105
190432,"2018-03-06 09:22:27",TCS,100643,3105
190425,"2018-03-06 09:22:27",VEDL,1477414,326.95
190442,"2018-03-06 09:22:28",BHARTIARTL,230406,424.55
190439,"2018-03-06 09:22:28",HDFC,164061,1808.6
190433,"2018-03-06 09:22:28",LT,107972,1315
190434,"2018-03-06 09:22:28",MINDTREE,274142,859.5
190440,"2018-03-06 09:22:28",MINDTREE,274502,858.9
190435,"2018-03-06 09:22:28",RELIANCE,426341,932.35
190441,"2018-03-06 09:22:28",SUNPHARMA,1102805,552.8
190438,"2018-03-06 09:22:28",TATASTEEL,582139,671.65
190437,"2018-03-06 09:22:28",TCS,100677,3105.75
190436,"2018-03-06 09:22:28",VEDL,1480094,326.9
190445,"2018-03-06 09:22:29",HDFC,164631,1809.3
190443,"2018-03-06 09:22:29",LT,109811,1315
190446,"2018-03-06 09:22:29",SUNPHARMA,1104164,552.75
190444,"2018-03-06 09:22:29",TATASTEEL,582579,671.7
190448,"2018-03-06 09:22:30",BHARTIARTL,231896,424.7
190449,"2018-03-06 09:22:30",BIOCON,158451,627
190451,"2018-03-06 09:22:30",LT,110393,1315
190450,"2018-03-06 09:22:30",MINDTREE,275002,858.9
190447,"2018-03-06 09:22:30",SUNPHARMA,1104536,552.75
190452,"2018-03-06 09:22:30",VEDL,1485795,326.7
190455,"2018-03-06 09:22:31",HDFC,166557,1809.1
190457,"2018-03-06 09:22:31",MARUTI,23900,8847.35
190456,"2018-03-06 09:22:31",MINDTREE,275644,858.9
190458,"2018-03-06 09:22:31",RELIANCE,426455,932.35
190453,"2018-03-06 09:22:31",TATASTEEL,582729,671.8
190454,"2018-03-06 09:22:31",TCS,100781,3105.75
190459,"2018-03-06 09:22:31",VEDL,1491232,326.7
190462,"2018-03-06 09:22:32",HDFC,168243,1809.5
190461,"2018-03-06 09:22:32",SUNPHARMA,1108189,553
190460,"2018-03-06 09:22:32",TATASTEEL,582939,671.9
190463,"2018-03-06 09:22:32",VEDL,1495944,326.75
190468,"2018-03-06 09:22:33",BHARTIARTL,232638,424.4
190465,"2018-03-06 09:22:33",HDFC,168402,1809.25
190466,"2018-03-06 09:22:33",LT,110539,1314.95
190464,"2018-03-06 09:22:33",MARUTI,23942,8847.2
190470,"2018-03-06 09:22:33",MINDTREE,275739,859
190467,"2018-03-06 09:22:33",SUNPHARMA,1112615,553.2
190471,"2018-03-06 09:22:33",TATASTEEL,583352,671.8
190469,"2018-03-06 09:22:33",VEDL,1501394,326.75
190478,"2018-03-06 09:22:34",HDFC,169056,1809.1
190479,"2018-03-06 09:22:34",INFY,166284,1158.6
190480,"2018-03-06 09:22:34",LT,110760,1315
190473,"2018-03-06 09:22:34",MARUTI,24072,8847.35
190481,"2018-03-06 09:22:34",MINDTREE,275800,859.6
190476,"2018-03-06 09:22:34",RELIANCE,429515,932.4
190477,"2018-03-06 09:22:34",SUNPHARMA,1113850,553
190474,"2018-03-06 09:22:34",TATASTEEL,583552,671.9
190475,"2018-03-06 09:22:34",TCS,100974,3105
190472,"2018-03-06 09:22:34",VEDL,1503824,326.9
190483,"2018-03-06 09:22:35",BHARTIARTL,232944,424.4
190484,"2018-03-06 09:22:35",INFY,166993,1158.65
190485,"2018-03-06 09:22:35",LT,110860,1315
190482,"2018-03-06 09:22:35",MARUTI,24080,8847.2
190486,"2018-03-06 09:22:35",RELIANCE,430600,932.35
190487,"2018-03-06 09:22:35",SUNPHARMA,1116775,553
190488,"2018-03-06 09:22:35",VEDL,1507325,326.75
190490,"2018-03-06 09:22:36",BHARTIARTL,236453,423.85
190491,"2018-03-06 09:22:36",BIOCON,158675,627.15
190489,"2018-03-06 09:22:36",MINDTREE,275910,859.15
190492,"2018-03-06 09:22:36",TATASTEEL,584753,671.8
190493,"2018-03-06 09:22:36",TCS,102087,3105.35
190501,"2018-03-06 09:22:37",BHARTIARTL,236503,423.75
190502,"2018-03-06 09:22:37",BIOCON,158726,627
190497,"2018-03-06 09:22:37",HDFC,170616,1809.8
190507,"2018-03-06 09:22:37",HDFC,171867,1809.65
190498,"2018-03-06 09:22:37",INFY,167075,1158.65
