id,curr_time,symbol,volume,price
95156,"2018-02-27 09:14:59",BPCL,0,433
95157,"2018-02-27 09:14:59",LT,0,1344.25
95158,"2018-02-27 09:14:59",MARUTI,0,9005.35
95159,"2018-02-27 09:14:59",RELCAPITAL,0,485.95
95160,"2018-02-27 09:14:59",RELIANCE,0,938.7
95161,"2018-02-27 09:14:59",SUNPHARMA,0,555.95
95162,"2018-02-27 09:14:59",TATAMOTORS,0,372.05
95163,"2018-02-27 09:14:59",TCS,0,3031.7
95164,"2018-02-27 09:14:59",VEDL,0,343.15
93781,"2018-02-27 09:17:17",BPCL,71307,435.2
93775,"2018-02-27 09:17:17",LT,39630,1353.3
93776,"2018-02-27 09:17:17",MARUTI,34108,9105.15
93782,"2018-02-27 09:17:17",RELCAPITAL,75398,486
93783,"2018-02-27 09:17:17",RELIANCE,111370,940.9
93784,"2018-02-27 09:17:17",RELIANCE,111856,940.65
93778,"2018-02-27 09:17:17",SUNPHARMA,172063,559.65
93785,"2018-02-27 09:17:17",SUNPHARMA,172113,559.9
93777,"2018-02-27 09:17:17",TATAMOTORS,299610,375.7
93779,"2018-02-27 09:17:17",TCS,38953,3064.6
93786,"2018-02-27 09:17:17",TCS,39150,3064.4
93780,"2018-02-27 09:17:17",VEDL,176681,343.9
93792,"2018-02-27 09:17:18",BPCL,71609,435.2
93787,"2018-02-27 09:17:18",LT,39668,1353.4
93788,"2018-02-27 09:17:18",MARUTI,34123,9105.15
93790,"2018-02-27 09:17:18",RELCAPITAL,75573,485.75
93791,"2018-02-27 09:17:18",RELIANCE,111906,940.95
93793,"2018-02-27 09:17:18",SUNPHARMA,172188,559.9
93789,"2018-02-27 09:17:18",TATAMOTORS,300779,375.4
93801,"2018-02-27 09:17:19",BPCL,71807,435.2
93794,"2018-02-27 09:17:19",LT,39724,1353.4
93795,"2018-02-27 09:17:19",MARUTI,34185,9106.85
93800,"2018-02-27 09:17:19",MARUTI,34247,9105.2
93797,"2018-02-27 09:17:19",RELCAPITAL,75773,486
93802,"2018-02-27 09:17:19",RELCAPITAL,77328,485.8
93798,"2018-02-27 09:17:19",RELIANCE,112012,940.65
93803,"2018-02-27 09:17:19",SUNPHARMA,174803,559.45
93796,"2018-02-27 09:17:19",TATAMOTORS,301147,375.5
93799,"2018-02-27 09:17:19",TCS,39246,3064.5
93804,"2018-02-27 09:17:20",TCS,39408,3064.65
93805,"2018-02-27 09:17:24",BPCL,72592,435.2
93810,"2018-02-27 09:17:24",LT,39751,1353.3
93811,"2018-02-27 09:17:24",MARUTI,34309,9105.15
93806,"2018-02-27 09:17:24",RELCAPITAL,77518,485.8
93808,"2018-02-27 09:17:24",SUNPHARMA,174974,559.3
93807,"2018-02-27 09:17:24",TATAMOTORS,301547,375.5
93812,"2018-02-27 09:17:24",TATAMOTORS,301897,375.55
93809,"2018-02-27 09:17:24",TCS,39480,3064.25
93819,"2018-02-27 09:17:25",BPCL,73203,435.2
93820,"2018-02-27 09:17:25",BPCL,73566,435.15
93828,"2018-02-27 09:17:25",BPCL,73742,435.15
93839,"2018-02-27 09:17:25",BPCL,74974,435.15
93816,"2018-02-27 09:17:25",LT,40487,1353.8
93830,"2018-02-27 09:17:25",LT,40662,1353.45
93835,"2018-02-27 09:17:25",LT,40800,1353.45
93814,"2018-02-27 09:17:25",MARUTI,34607,9108.95
93824,"2018-02-27 09:17:25",MARUTI,34642,9106.4
93831,"2018-02-27 09:17:25",MARUTI,34663,9106.4
93834,"2018-02-27 09:17:25",MARUTI,34685,9109
93813,"2018-02-27 09:17:25",RELCAPITAL,77718,486
93821,"2018-02-27 09:17:25",RELCAPITAL,78549,485.5
93829,"2018-02-27 09:17:25",RELCAPITAL,78614,485.45
93836,"2018-02-27 09:17:25",RELCAPITAL,79710,485.65
93840,"2018-02-27 09:17:25",RELCAPITAL,80910,485.65
93822,"2018-02-27 09:17:25",RELIANCE,112046,941
93826,"2018-02-27 09:17:25",RELIANCE,112624,941
93833,"2018-02-27 09:17:25",RELIANCE,112753,940.95
93841,"2018-02-27 09:17:25",RELIANCE,112845,941
93817,"2018-02-27 09:17:25",SUNPHARMA,176582,560
93825,"2018-02-27 09:17:25",SUNPHARMA,176766,559.35
93837,"2018-02-27 09:17:25",SUNPHARMA,177398,559.9
93815,"2018-02-27 09:17:25",TATAMOTORS,306003,375.6
93832,"2018-02-27 09:17:25",TATAMOTORS,307488,375.45
93818,"2018-02-27 09:17:25",TCS,39980,3064.45
93827,"2018-02-27 09:17:25",TCS,40020,3063.35
93838,"2018-02-27 09:17:25",TCS,40097,3063.95
93823,"2018-02-27 09:17:25",VEDL,182808,343.75
93842,"2018-02-27 09:17:25",VEDL,183608,343.7
93843,"2018-02-27 09:17:26",MARUTI,34830,9106.4
93844,"2018-02-27 09:17:26",SUNPHARMA,178967,559.8
93845,"2018-02-27 09:17:26",TATAMOTORS,308093,375.7
93846,"2018-02-27 09:17:27",BPCL,75285,435.1
93851,"2018-02-27 09:17:27",LT,40900,1354.25
93852,"2018-02-27 09:17:27",MARUTI,34946,9106
93847,"2018-02-27 09:17:27",RELCAPITAL,81917,485
93854,"2018-02-27 09:17:27",RELCAPITAL,82417,485
93848,"2018-02-27 09:17:27",RELIANCE,114441,940.85
93849,"2018-02-27 09:17:27",SUNPHARMA,179268,559.85
93853,"2018-02-27 09:17:27",TATAMOTORS,308842,375.8
93850,"2018-02-27 09:17:27",TCS,40149,3062.95
93855,"2018-02-27 09:17:28",LT,41039,1354.25
93856,"2018-02-27 09:17:28",MARUTI,35057,9105.3
93860,"2018-02-27 09:17:28",MARUTI,35095,9108
93858,"2018-02-27 09:17:28",RELCAPITAL,82454,485.4
93861,"2018-02-27 09:17:28",TATAMOTORS,310044,375.7
93857,"2018-02-27 09:17:28",TCS,40164,3063.8
93859,"2018-02-27 09:17:28",VEDL,184303,343.55
93865,"2018-02-27 09:17:29",BPCL,76264,435.2
93862,"2018-02-27 09:17:29",LT,41084,1354.25
93866,"2018-02-27 09:17:29",RELCAPITAL,82954,485.5
93867,"2018-02-27 09:17:29",RELIANCE,114984,941
93863,"2018-02-27 09:17:29",SUNPHARMA,179982,559.6
93868,"2018-02-27 09:17:29",TATAMOTORS,310901,375.55
93864,"2018-02-27 09:17:29",TCS,40184,3063.55
93873,"2018-02-27 09:17:30",BPCL,76396,435.15
93869,"2018-02-27 09:17:30",LT,41134,1354
93870,"2018-02-27 09:17:30",MARUTI,35159,9108
93872,"2018-02-27 09:17:30",RELIANCE,115060,940.95
93874,"2018-02-27 09:17:30",SUNPHARMA,180137,559.75
93871,"2018-02-27 09:17:30",TATAMOTORS,312397,375.8
93880,"2018-02-27 09:17:31",BPCL,76554,435.1
93877,"2018-02-27 09:17:31",LT,41292,1354
93878,"2018-02-27 09:17:31",MARUTI,35245,9105.3
93875,"2018-02-27 09:17:31",RELCAPITAL,86535,484.9
93881,"2018-02-27 09:17:31",RELCAPITAL,86660,485.05
93882,"2018-02-27 09:17:31",RELIANCE,115110,941.15
93876,"2018-02-27 09:17:31",SUNPHARMA,180207,559.75
93879,"2018-02-27 09:17:31",TATAMOTORS,313167,375.65
93883,"2018-02-27 09:17:31",VEDL,184556,343.7
93888,"2018-02-27 09:17:32",BPCL,76969,435.1
93886,"2018-02-27 09:17:32",LT,41477,1354.25
93889,"2018-02-27 09:17:32",RELIANCE,115177,940.95
93885,"2018-02-27 09:17:32",SUNPHARMA,180907,559.75
93887,"2018-02-27 09:17:32",TATAMOTORS,314927,375.8
93884,"2018-02-27 09:17:32",TCS,40208,3063.8
93893,"2018-02-27 09:17:33",BPCL,77398,435.1
93890,"2018-02-27 09:17:33",LT,41745,1354
93891,"2018-02-27 09:17:33",MARUTI,35278,9107
93894,"2018-02-27 09:17:33",RELCAPITAL,87685,485.25
93895,"2018-02-27 09:17:33",SUNPHARMA,181567,559.75
93896,"2018-02-27 09:17:33",TATAMOTORS,315222,375.85
93892,"2018-02-27 09:17:33",TCS,40228,3063.8
93899,"2018-02-27 09:17:34",BPCL,77461,435.15
93901,"2018-02-27 09:17:34",LT,42793,1354.4
93902,"2018-02-27 09:17:34",MARUTI,35460,9108
93900,"2018-02-27 09:17:34",RELIANCE,115524,941
93897,"2018-02-27 09:17:34",SUNPHARMA,183647,559.3
93903,"2018-02-27 09:17:34",TATAMOTORS,317706,375.75
93898,"2018-02-27 09:17:34",TCS,40257,3063.75
93911,"2018-02-27 09:17:35",BPCL,77692,435.05
93907,"2018-02-27 09:17:35",LT,43254,1354
93908,"2018-02-27 09:17:35",MARUTI,35470,9108
93904,"2018-02-27 09:17:35",RELCAPITAL,87785,485.35
93909,"2018-02-27 09:17:35",SUNPHARMA,188772,559.4
93906,"2018-02-27 09:17:35",TATAMOTORS,318330,375.8
93910,"2018-02-27 09:17:35",TCS,40625,3063
93905,"2018-02-27 09:17:35",VEDL,185421,343.6
93912,"2018-02-27 09:17:36",BPCL,78225,435.2
93918,"2018-02-27 09:17:36",MARUTI,35603,9105.15
93913,"2018-02-27 09:17:36",RELCAPITAL,88230,484.8
93915,"2018-02-27 09:17:36",RELCAPITAL,88534,484.85
93914,"2018-02-27 09:17:36",RELIANCE,116023,940.8
93916,"2018-02-27 09:17:36",SUNPHARMA,190534,559.25
93917,"2018-02-27 09:17:36",TCS,40888,3063.45
93919,"2018-02-27 09:17:37",LT,43269,1354.45
93924,"2018-02-27 09:17:37",MARUTI,35732,9106.6
93921,"2018-02-27 09:17:37",RELCAPITAL,88721,485
93922,"2018-02-27 09:17:37",SUNPHARMA,191847,558.85
93920,"2018-02-27 09:17:37",TATAMOTORS,318455,375.7
93925,"2018-02-27 09:17:37",TATAMOTORS,318820,375.95
93923,"2018-02-27 09:17:37",TCS,41188,3063.4
93927,"2018-02-27 09:17:38",BPCL,78276,435.05
93926,"2018-02-27 09:17:38",LT,43417,1354.55
93929,"2018-02-27 09:17:38",RELCAPITAL,88764,485.1
93930,"2018-02-27 09:17:38",SUNPHARMA,191968,558.85
93928,"2018-02-27 09:17:38",VEDL,194022,343.6
93931,"2018-02-27 09:17:39",BPCL,79008,435
93933,"2018-02-27 09:17:39",LT,43467,1354.85
93934,"2018-02-27 09:17:39",MARUTI,35835,9109
93932,"2018-02-27 09:17:39",RELIANCE,116269,940.95
93936,"2018-02-27 09:17:39",SUNPHARMA,195162,559
93935,"2018-02-27 09:17:39",TATAMOTORS,319121,375.8
93937,"2018-02-27 09:17:39",TCS,41266,3062.05
93944,"2018-02-27 09:17:40",BPCL,79154,435.15
93939,"2018-02-27 09:17:40",MARUTI,35858,9106
93938,"2018-02-27 09:17:40",RELCAPITAL,89035,485
93945,"2018-02-27 09:17:40",RELCAPITAL,89102,485.1
93941,"2018-02-27 09:17:40",RELIANCE,116618,941
93942,"2018-02-27 09:17:40",SUNPHARMA,195417,558.75
93940,"2018-02-27 09:17:40",TATAMOTORS,320216,375.7
93943,"2018-02-27 09:17:40",TCS,41412,3062.4
93951,"2018-02-27 09:17:41",BPCL,79849,435.25
93946,"2018-02-27 09:17:41",LT,43517,1354.65
93947,"2018-02-27 09:17:41",MARUTI,35931,9106.6
93949,"2018-02-27 09:17:41",RELIANCE,116669,940.95
93948,"2018-02-27 09:17:41",TATAMOTORS,320646,375.65
93950,"2018-02-27 09:17:41",VEDL,195193,343.8
93952,"2018-02-27 09:17:42",LT,43632,1354.65
93953,"2018-02-27 09:17:42",MARUTI,36000,9106.6
93956,"2018-02-27 09:17:42",RELCAPITAL,90496,485.35
93957,"2018-02-27 09:17:42",SUNPHARMA,196094,558.85
93954,"2018-02-27 09:17:42",TATAMOTORS,322582,375.8
93955,"2018-02-27 09:17:42",TCS,41620,3062.9
93963,"2018-02-27 09:17:43",BPCL,80284,435.15
93964,"2018-02-27 09:17:43",LT,45561,1354.65
93959,"2018-02-27 09:17:43",MARUTI,36009,9108
93965,"2018-02-27 09:17:43",RELCAPITAL,91016,484.9
93960,"2018-02-27 09:17:43",RELIANCE,116916,941
93966,"2018-02-27 09:17:43",RELIANCE,117121,941.15
93961,"2018-02-27 09:17:43",SUNPHARMA,196934,558.75
93958,"2018-02-27 09:17:43",TATAMOTORS,323500,375.7
93962,"2018-02-27 09:17:43",TCS,41630,3062.4
93969,"2018-02-27 09:17:44",RELIANCE,117595,941.15
93967,"2018-02-27 09:17:44",SUNPHARMA,197552,558.15
93968,"2018-02-27 09:17:44",TCS,41763,3062.9
93970,"2018-02-27 09:17:44",VEDL,195966,343.65
93971,"2018-02-27 09:17:45",LT,46100,1354.95
93972,"2018-02-27 09:17:45",MARUTI,36251,9109
93974,"2018-02-27 09:17:45",RELCAPITAL,91237,485
93975,"2018-02-27 09:17:45",SUNPHARMA,197852,558.05
93973,"2018-02-27 09:17:45",TATAMOTORS,326888,375.9
93976,"2018-02-27 09:17:45",TCS,41831,3062.95
93981,"2018-02-27 09:17:46",LT,46362,1355
93982,"2018-02-27 09:17:46",MARUTI,36364,9108
93977,"2018-02-27 09:17:46",RELCAPITAL,93412,485.35
93980,"2018-02-27 09:17:46",RELIANCE,117821,941.4
93978,"2018-02-27 09:17:46",SUNPHARMA,198543,558.45
93983,"2018-02-27 09:17:46",TATAMOTORS,327221,375.7
93979,"2018-02-27 09:17:46",TCS,41924,3062.35
93985,"2018-02-27 09:17:47",BPCL,80504,435.15
93987,"2018-02-27 09:17:47",LT,46708,1354.85
93988,"2018-02-27 09:17:47",MARUTI,36468,9108
93990,"2018-02-27 09:17:47",RELCAPITAL,94112,485
93991,"2018-02-27 09:17:47",RELIANCE,118078,941.7
93986,"2018-02-27 09:17:47",SUNPHARMA,201610,558
93989,"2018-02-27 09:17:47",TATAMOTORS,327331,375.7
93984,"2018-02-27 09:17:47",VEDL,196516,343.75
93994,"2018-02-27 09:17:48",LT,46866,1355
93995,"2018-02-27 09:17:48",MARUTI,36478,9106
93996,"2018-02-27 09:17:48",MARUTI,36500,9106
93992,"2018-02-27 09:17:48",SUNPHARMA,201700,558.35
93997,"2018-02-27 09:17:48",TATAMOTORS,328106,375.7
93993,"2018-02-27 09:17:48",TCS,42100,3062.35
94000,"2018-02-27 09:17:49",BPCL,81760,435.15
94001,"2018-02-27 09:17:49",LT,46886,1355
94002,"2018-02-27 09:17:49",LT,47438,1354.85
94003,"2018-02-27 09:17:49",MARUTI,36531,9106
94004,"2018-02-27 09:17:49",RELCAPITAL,94627,485.3
93998,"2018-02-27 09:17:49",SUNPHARMA,201912,558.35
93999,"2018-02-27 09:17:49",TCS,42175,3062.35
94005,"2018-02-27 09:17:49",VEDL,198032,343.6
94006,"2018-02-27 09:17:50",BPCL,82199,435
94009,"2018-02-27 09:17:50",RELCAPITAL,95178,485
94007,"2018-02-27 09:17:50",RELIANCE,118148,941.8
94008,"2018-02-27 09:17:50",SUNPHARMA,202602,558.3
94010,"2018-02-27 09:17:50",TATAMOTORS,329264,375.65
94014,"2018-02-27 09:17:51",BPCL,86546,434.75
94016,"2018-02-27 09:17:51",LT,47518,1355
94017,"2018-02-27 09:17:51",MARUTI,36575,9107
94011,"2018-02-27 09:17:51",RELIANCE,118703,941.35
94012,"2018-02-27 09:17:51",SUNPHARMA,203192,558.45
94015,"2018-02-27 09:17:51",TATAMOTORS,329933,375.6
94013,"2018-02-27 09:17:51",TCS,42289,3061.45
94021,"2018-02-27 09:17:52",BPCL,87307,434.55
94018,"2018-02-27 09:17:52",LT,51441,1354.7
94019,"2018-02-27 09:17:52",MARUTI,36678,9107.95
94022,"2018-02-27 09:17:52",RELCAPITAL,95432,485.1
94025,"2018-02-27 09:17:52",RELIANCE,118811,941.5
94023,"2018-02-27 09:17:52",SUNPHARMA,203391,558
94020,"2018-02-27 09:17:52",TATAMOTORS,331891,375.6
94024,"2018-02-27 09:17:52",VEDL,201774,343.65
94028,"2018-02-27 09:17:53",BPCL,89790,434.9
94026,"2018-02-27 09:17:53",MARUTI,36978,9110
94029,"2018-02-27 09:17:53",RELCAPITAL,96793,484.7
94031,"2018-02-27 09:17:53",RELIANCE,118841,941.45
94030,"2018-02-27 09:17:53",SUNPHARMA,204441,558.25
94027,"2018-02-27 09:17:53",TCS,42298,3061.5
94034,"2018-02-27 09:17:54",LT,52367,1354.6
94035,"2018-02-27 09:17:54",MARUTI,37115,9106
94032,"2018-02-27 09:17:54",RELCAPITAL,97319,485
94033,"2018-02-27 09:17:54",SUNPHARMA,204541,558.25
94036,"2018-02-27 09:17:54",TATAMOTORS,334046,375.65
94037,"2018-02-27 09:17:55",LT,52567,1355
94038,"2018-02-27 09:17:55",MARUTI,37458,9105.95
94041,"2018-02-27 09:17:55",RELCAPITAL,97506,485
94043,"2018-02-27 09:17:55",RELIANCE,120211,941.75
94039,"2018-02-27 09:17:55",SUNPHARMA,206407,558
94042,"2018-02-27 09:17:55",TATAMOTORS,339074,375.5
94040,"2018-02-27 09:17:55",TCS,42475,3062.65
94044,"2018-02-27 09:17:55",VEDL,202291,343.75
94046,"2018-02-27 09:17:56",BPCL,90090,434.55
94045,"2018-02-27 09:17:56",MARUTI,37643,9105.65
94048,"2018-02-27 09:17:56",RELIANCE,121211,941.85
94049,"2018-02-27 09:17:56",SUNPHARMA,206960,558
94047,"2018-02-27 09:17:56",TATAMOTORS,340211,375.65
94050,"2018-02-27 09:17:57",LT,53124,1354.9
94051,"2018-02-27 09:17:57",MARUTI,37680,9107
94052,"2018-02-27 09:17:57",RELCAPITAL,98132,485.3
94053,"2018-02-27 09:17:57",SUNPHARMA,208089,557.95
94054,"2018-02-27 09:17:57",TATAMOTORS,340962,375.75
94055,"2018-02-27 09:17:57",TCS,42496,3061.75
94065,"2018-02-27 09:17:58",BPCL,90341,434.75
94059,"2018-02-27 09:17:58",LT,53234,1355
94060,"2018-02-27 09:17:58",MARUTI,37688,9106
94056,"2018-02-27 09:17:58",RELCAPITAL,98632,485.35
94057,"2018-02-27 09:17:58",RELIANCE,121609,941.8
94061,"2018-02-27 09:17:58",RELIANCE,121836,941.8
94062,"2018-02-27 09:17:58",SUNPHARMA,208386,557.5
94058,"2018-02-27 09:17:58",TATAMOTORS,341170,375.65
94063,"2018-02-27 09:17:58",TCS,42508,3062
94064,"2018-02-27 09:17:58",VEDL,203028,343.95
94069,"2018-02-27 09:17:59",LT,53459,1354.95
94070,"2018-02-27 09:17:59",MARUTI,37791,9106
94066,"2018-02-27 09:17:59",RELCAPITAL,99137,484.75
94067,"2018-02-27 09:17:59",SUNPHARMA,209763,557.8
94068,"2018-02-27 09:17:59",TCS,42528,3062
94073,"2018-02-27 09:18:00",BPCL,91148,434.5
94075,"2018-02-27 09:18:00",LT,53509,1354.5
94072,"2018-02-27 09:18:00",MARUTI,37877,9105.3
94074,"2018-02-27 09:18:00",SUNPHARMA,210150,557.95
94071,"2018-02-27 09:18:00",TATAMOTORS,342010,375.7
94085,"2018-02-27 09:18:01",BPCL,92055,434.65
94080,"2018-02-27 09:18:01",LT,53527,1355
94083,"2018-02-27 09:18:01",LT,53680,1355
94082,"2018-02-27 09:18:01",MARUTI,38122,9105.95
94076,"2018-02-27 09:18:01",RELCAPITAL,99267,484.95
94077,"2018-02-27 09:18:01",RELIANCE,122242,941.7
94078,"2018-02-27 09:18:01",SUNPHARMA,210279,557.5
94084,"2018-02-27 09:18:01",SUNPHARMA,211024,557.65
94081,"2018-02-27 09:18:01",TATAMOTORS,343835,375.7
94079,"2018-02-27 09:18:01",VEDL,205773,343.95
94088,"2018-02-27 09:18:02",BPCL,92124,434.65
94089,"2018-02-27 09:18:02",MARUTI,38253,9106
94086,"2018-02-27 09:18:02",RELCAPITAL,99374,484.75
94087,"2018-02-27 09:18:02",RELIANCE,122341,941.45
94091,"2018-02-27 09:18:03",LT,53715,1354.85
94092,"2018-02-27 09:18:03",RELIANCE,122560,941.5
94093,"2018-02-27 09:18:03",SUNPHARMA,213032,557.65
94090,"2018-02-27 09:18:03",TATAMOTORS,344721,375.7
94094,"2018-02-27 09:18:03",TCS,42694,3062
94095,"2018-02-27 09:18:04",BPCL,92595,434.65
94099,"2018-02-27 09:18:04",LT,54507,1354.95
94100,"2018-02-27 09:18:04",MARUTI,38423,9105
94102,"2018-02-27 09:18:04",RELCAPITAL,100741,485
94103,"2018-02-27 09:18:04",RELIANCE,122917,941.45
94096,"2018-02-27 09:18:04",SUNPHARMA,215316,558
94101,"2018-02-27 09:18:04",TATAMOTORS,345550,375.65
94097,"2018-02-27 09:18:04",TCS,42840,3061.55
94098,"2018-02-27 09:18:04",VEDL,208826,343.95
94105,"2018-02-27 09:18:05",BPCL,92695,434.65
94108,"2018-02-27 09:18:05",BPCL,92815,434.65
94104,"2018-02-27 09:18:05",MARUTI,38663,9105
94106,"2018-02-27 09:18:05",RELIANCE,123404,941.45
94107,"2018-02-27 09:18:05",SUNPHARMA,216082,557.9
94109,"2018-02-27 09:18:06",LT,54738,1354.95
94110,"2018-02-27 09:18:06",MARUTI,38925,9105
94112,"2018-02-27 09:18:06",RELCAPITAL,100846,485.05
94115,"2018-02-27 09:18:06",RELIANCE,123929,941.2
94113,"2018-02-27 09:18:06",SUNPHARMA,217152,557.85
94111,"2018-02-27 09:18:06",TATAMOTORS,347411,375.7
94114,"2018-02-27 09:18:06",TCS,42934,3062.65
94121,"2018-02-27 09:18:07",LT,54896,1354.85
94118,"2018-02-27 09:18:07",MARUTI,39011,9105.5
94116,"2018-02-27 09:18:07",RELCAPITAL,103046,485.35
94120,"2018-02-27 09:18:07",RELIANCE,123979,941.7
94117,"2018-02-27 09:18:07",SUNPHARMA,217537,558
94119,"2018-02-27 09:18:07",TATAMOTORS,348015,375.7
94123,"2018-02-27 09:18:08",BPCL,98456,434.65
94124,"2018-02-27 09:18:08",RELCAPITAL,103156,485.5
94127,"2018-02-27 09:18:08",RELIANCE,124269,941.7
94125,"2018-02-27 09:18:08",SUNPHARMA,217735,557.9
94128,"2018-02-27 09:18:08",TATAMOTORS,348184,375.6
94126,"2018-02-27 09:18:08",TCS,43586,3063
94122,"2018-02-27 09:18:08",VEDL,209719,343.95
94131,"2018-02-27 09:18:09",BPCL,100067,434.65
94133,"2018-02-27 09:18:09",LT,56075,1354.85
94134,"2018-02-27 09:18:09",MARUTI,39222,9105.5
94132,"2018-02-27 09:18:09",RELCAPITAL,103656,485.65
94129,"2018-02-27 09:18:09",SUNPHARMA,219705,557.7
94135,"2018-02-27 09:18:09",TATAMOTORS,348808,375.7
94130,"2018-02-27 09:18:09",TCS,43753,3063
94139,"2018-02-27 09:18:10",MARUTI,39385,9106.8
94137,"2018-02-27 09:18:10",RELCAPITAL,103825,485.5
94141,"2018-02-27 09:18:10",RELCAPITAL,103889,485.65
94138,"2018-02-27 09:18:10",RELIANCE,124595,941.7
94142,"2018-02-27 09:18:10",RELIANCE,125975,941.7
94136,"2018-02-27 09:18:10",SUNPHARMA,221212,557.65
94140,"2018-02-27 09:18:10",TATAMOTORS,350838,375.7
94143,"2018-02-27 09:18:11",BPCL,100567,434.55
94148,"2018-02-27 09:18:11",LT,56290,1355
94149,"2018-02-27 09:18:11",MARUTI,40083,9104.6
94144,"2018-02-27 09:18:11",RELCAPITAL,104476,485.55
94145,"2018-02-27 09:18:11",RELIANCE,126325,941.8
94146,"2018-02-27 09:18:11",SUNPHARMA,222587,557.6
94150,"2018-02-27 09:18:11",TATAMOTORS,351982,375.7
94147,"2018-02-27 09:18:11",TCS,44021,3063.6
94154,"2018-02-27 09:18:12",BPCL,100627,434.55
94151,"2018-02-27 09:18:12",LT,56354,1354.95
94152,"2018-02-27 09:18:12",MARUTI,40149,9104.05
94155,"2018-02-27 09:18:12",SUNPHARMA,222897,558
94153,"2018-02-27 09:18:12",TATAMOTORS,352983,375.9
94156,"2018-02-27 09:18:12",TCS,44090,3063
94161,"2018-02-27 09:18:13",BPCL,100727,434.65
94158,"2018-02-27 09:18:13",MARUTI,40213,9103
94157,"2018-02-27 09:18:13",RELCAPITAL,106888,485.8
94159,"2018-02-27 09:18:13",RELIANCE,127170,941.8
94160,"2018-02-27 09:18:13",TCS,44348,3063.05
94164,"2018-02-27 09:18:14",LT,56422,1355
94165,"2018-02-27 09:18:14",MARUTI,40255,9104.05
94162,"2018-02-27 09:18:14",RELCAPITAL,107018,486
94166,"2018-02-27 09:18:14",SUNPHARMA,223232,558
94163,"2018-02-27 09:18:14",TATAMOTORS,356092,375.7
94172,"2018-02-27 09:18:15",LT,56708,1355
94173,"2018-02-27 09:18:15",MARUTI,40405,9103.5
94170,"2018-02-27 09:18:15",RELCAPITAL,107288,486.3
94167,"2018-02-27 09:18:15",RELIANCE,128503,941.95
94168,"2018-02-27 09:18:15",SUNPHARMA,224483,558
94171,"2018-02-27 09:18:15",TATAMOTORS,357194,375.9
94169,"2018-02-27 09:18:15",TCS,44367,3063.6
94180,"2018-02-27 09:18:16",BPCL,100927,434.65
94178,"2018-02-27 09:18:16",LT,57018,1354.8
94179,"2018-02-27 09:18:16",MARUTI,40427,9102.5
94174,"2018-02-27 09:18:16",RELCAPITAL,108676,486.25
94175,"2018-02-27 09:18:16",SUNPHARMA,225782,558
94177,"2018-02-27 09:18:16",TATAMOTORS,358750,375.7
94176,"2018-02-27 09:18:16",TCS,44430,3064.8
94186,"2018-02-27 09:18:17",BPCL,101389,434.55
94184,"2018-02-27 09:18:17",MARUTI,40473,9102.5
94181,"2018-02-27 09:18:17",RELIANCE,128618,941.95
94182,"2018-02-27 09:18:17",SUNPHARMA,227338,558
94185,"2018-02-27 09:18:17",TATAMOTORS,359823,375.7
94183,"2018-02-27 09:18:17",TCS,44481,3063.55
94190,"2018-02-27 09:18:18",RELCAPITAL,109545,486.3
94187,"2018-02-27 09:18:18",RELIANCE,128954,942
94188,"2018-02-27 09:18:18",SUNPHARMA,233706,557.9
94191,"2018-02-27 09:18:18",TATAMOTORS,363171,375.8
94189,"2018-02-27 09:18:18",VEDL,220865,344.15
94192,"2018-02-27 09:18:19",BPCL,101939,434.6
94193,"2018-02-27 09:18:19",LT,57141,1354.8
94194,"2018-02-27 09:18:19",MARUTI,40604,9102.1
94196,"2018-02-27 09:18:19",RELCAPITAL,111604,486.05
94197,"2018-02-27 09:18:19",RELIANCE,129743,942.35
94195,"2018-02-27 09:18:19",SUNPHARMA,233831,558.5
94198,"2018-02-27 09:18:19",TATAMOTORS,364037,375.9
94199,"2018-02-27 09:18:20",LT,58730,1355
94200,"2018-02-27 09:18:20",MARUTI,40664,9103.9
94205,"2018-02-27 09:18:21",BPCL,102089,434.6
94201,"2018-02-27 09:18:21",LT,59386,1354.95
94202,"2018-02-27 09:18:21",MARUTI,40768,9102
94206,"2018-02-27 09:18:21",RELCAPITAL,111749,486
94207,"2018-02-27 09:18:21",SUNPHARMA,240544,558.8
94203,"2018-02-27 09:18:21",TATAMOTORS,364545,375.7
94204,"2018-02-27 09:18:21",VEDL,221668,344.5
94209,"2018-02-27 09:18:22",LT,59455,1354.95
94210,"2018-02-27 09:18:22",MARUTI,40778,9102.1
94213,"2018-02-27 09:18:22",RELCAPITAL,112165,486.25
94214,"2018-02-27 09:18:22",SUNPHARMA,241469,559.2
94211,"2018-02-27 09:18:22",TATAMOTORS,364858,375.9
94208,"2018-02-27 09:18:22",TCS,44512,3063.9
94212,"2018-02-27 09:18:22",TCS,44554,3063.9
94219,"2018-02-27 09:18:23",BPCL,102589,434.55
94215,"2018-02-27 09:18:23",LT,59806,1354.95
94216,"2018-02-27 09:18:23",MARUTI,40955,9102
94220,"2018-02-27 09:18:23",RELCAPITAL,117300,486.1
94221,"2018-02-27 09:18:23",RELIANCE,130506,942.35
94218,"2018-02-27 09:18:23",SUNPHARMA,241981,558.9
94217,"2018-02-27 09:18:23",TATAMOTORS,365358,375.9
94227,"2018-02-27 09:18:24",BPCL,103739,434.6
94222,"2018-02-27 09:18:24",LT,60382,1354.8
94223,"2018-02-27 09:18:24",MARUTI,41156,9100.6
94228,"2018-02-27 09:18:24",SUNPHARMA,242256,559.15
94224,"2018-02-27 09:18:24",TATAMOTORS,366068,375.9
94225,"2018-02-27 09:18:24",TCS,44804,3063.6
94226,"2018-02-27 09:18:24",VEDL,222695,344.5
94233,"2018-02-27 09:18:25",BPCL,104024,434.6
94230,"2018-02-27 09:18:25",LT,60456,1355
94231,"2018-02-27 09:18:25",MARUTI,41200,9100.6
94234,"2018-02-27 09:18:25",RELCAPITAL,117500,485.65
94235,"2018-02-27 09:18:25",RELIANCE,131124,942.4
94232,"2018-02-27 09:18:25",TATAMOTORS,366406,375.9
94229,"2018-02-27 09:18:25",TCS,44855,3063.6
94241,"2018-02-27 09:18:26",BPCL,104487,434.6
94239,"2018-02-27 09:18:26",LT,60812,1354.8
94238,"2018-02-27 09:18:26",MARUTI,41419,9100
94236,"2018-02-27 09:18:26",SUNPHARMA,243042,558.75
94240,"2018-02-27 09:18:26",TATAMOTORS,367775,375.75
94237,"2018-02-27 09:18:26",TCS,44868,3063.5
94249,"2018-02-27 09:18:27",BPCL,104729,434.55
94242,"2018-02-27 09:18:27",LT,60932,1354.8
94243,"2018-02-27 09:18:27",MARUTI,41452,9100.6
94247,"2018-02-27 09:18:27",RELCAPITAL,117826,485.75
94244,"2018-02-27 09:18:27",SUNPHARMA,243301,558.25
94248,"2018-02-27 09:18:27",TATAMOTORS,368399,375.75
94245,"2018-02-27 09:18:27",TCS,44971,3063.55
94246,"2018-02-27 09:18:27",VEDL,223214,344.5
94257,"2018-02-27 09:18:28",BPCL,105388,434.6
94255,"2018-02-27 09:18:28",LT,61592,1354.8
94253,"2018-02-27 09:18:28",MARUTI,41463,9102
94250,"2018-02-27 09:18:28",RELCAPITAL,118125,486
94256,"2018-02-27 09:18:28",RELIANCE,131423,942.5
94251,"2018-02-27 09:18:28",SUNPHARMA,243700,558.6
94254,"2018-02-27 09:18:28",TATAMOTORS,369964,375.75
94252,"2018-02-27 09:18:28",TCS,44981,3063.55
94261,"2018-02-27 09:18:29",LT,61791,1354.9
94258,"2018-02-27 09:18:29",RELCAPITAL,118275,486.05
94259,"2018-02-27 09:18:29",SUNPHARMA,244207,558.7
94260,"2018-02-27 09:18:29",TATAMOTORS,370275,375.7
94270,"2018-02-27 09:18:30",BPCL,105488,434.55
94268,"2018-02-27 09:18:30",LT,63345,1354.95
94262,"2018-02-27 09:18:30",MARUTI,41489,9102
94263,"2018-02-27 09:18:30",RELCAPITAL,118924,486.05
94264,"2018-02-27 09:18:30",RELIANCE,131543,942.3
94265,"2018-02-27 09:18:30",SUNPHARMA,245113,558.3
94269,"2018-02-27 09:18:30",TATAMOTORS,370475,375.95
94266,"2018-02-27 09:18:30",TCS,45085,3063.55
94267,"2018-02-27 09:18:30",VEDL,224712,344.15
94273,"2018-02-27 09:18:31",LT,63365,1354.95
94274,"2018-02-27 09:18:31",LT,64132,1354.95
94275,"2018-02-27 09:18:31",MARUTI,41556,9102
94272,"2018-02-27 09:18:31",RELIANCE,131658,942.5
94271,"2018-02-27 09:18:31",SUNPHARMA,245198,558.7
94276,"2018-02-27 09:18:31",TATAMOTORS,371720,375.95
94281,"2018-02-27 09:18:32",MARUTI,41829,9104.9
94278,"2018-02-27 09:18:32",RELCAPITAL,120389,486.05
94277,"2018-02-27 09:18:32",RELIANCE,133833,942
94279,"2018-02-27 09:18:32",TCS,45110,3063.75
94280,"2018-02-27 09:18:32",VEDL,226573,344.05
94284,"2018-02-27 09:18:33",BPCL,105924,434.55
94282,"2018-02-27 09:18:33",LT,64538,1355
94285,"2018-02-27 09:18:33",RELCAPITAL,120794,486
94286,"2018-02-27 09:18:33",RELIANCE,134597,942.5
94287,"2018-02-27 09:18:33",SUNPHARMA,247036,558.7
94283,"2018-02-27 09:18:33",TATAMOTORS,371900,375.9
94288,"2018-02-27 09:18:33",TCS,45132,3063.9
94291,"2018-02-27 09:18:34",BPCL,105952,434.55
94289,"2018-02-27 09:18:34",MARUTI,41983,9103
94292,"2018-02-27 09:18:34",RELCAPITAL,120959,486
94293,"2018-02-27 09:18:34",RELIANCE,134905,942.5
94290,"2018-02-27 09:18:34",TATAMOTORS,375595,376
94294,"2018-02-27 09:18:35",BPCL,105985,434.55
94297,"2018-02-27 09:18:35",LT,64654,1355.6
94298,"2018-02-27 09:18:35",MARUTI,42172,9100
94299,"2018-02-27 09:18:35",RELIANCE,135005,942.5
94295,"2018-02-27 09:18:35",SUNPHARMA,247671,559.35
94296,"2018-02-27 09:18:35",TCS,45402,3064.4
94304,"2018-02-27 09:18:36",MARUTI,42309,9100
94300,"2018-02-27 09:18:36",RELCAPITAL,121009,486
94301,"2018-02-27 09:18:36",RELIANCE,135105,942.7
94302,"2018-02-27 09:18:36",SUNPHARMA,248526,559
94305,"2018-02-27 09:18:36",TATAMOTORS,376647,375.9
94303,"2018-02-27 09:18:36",VEDL,227009,344.2
94311,"2018-02-27 09:18:37",BPCL,106085,434.55
94307,"2018-02-27 09:18:37",LT,64853,1355
94306,"2018-02-27 09:18:37",MARUTI,42365,9103.75
94308,"2018-02-27 09:18:37",RELCAPITAL,121225,485.7
94313,"2018-02-27 09:18:37",RELIANCE,135205,942.5
94309,"2018-02-27 09:18:37",SUNPHARMA,249176,559.4
94312,"2018-02-27 09:18:37",TATAMOTORS,377788,375.8
94310,"2018-02-27 09:18:37",TCS,45524,3063.85
94315,"2018-02-27 09:18:38",LT,64911,1355.25
94316,"2018-02-27 09:18:38",MARUTI,42414,9103.4
94314,"2018-02-27 09:18:38",RELCAPITAL,122385,485.7
94317,"2018-02-27 09:18:38",RELIANCE,135705,942.7
94318,"2018-02-27 09:18:38",SUNPHARMA,249517,559
94319,"2018-02-27 09:18:38",TATAMOTORS,378317,375.9
94323,"2018-02-27 09:18:39",BPCL,108750,434.55
94320,"2018-02-27 09:18:39",LT,65097,1355
94321,"2018-02-27 09:18:39",MARUTI,42465,9102
94324,"2018-02-27 09:18:39",RELIANCE,136000,942.75
94322,"2018-02-27 09:18:39",TATAMOTORS,378617,375.9
94325,"2018-02-27 09:18:39",TCS,45731,3063
94326,"2018-02-27 09:18:39",VEDL,235504,344.25
94330,"2018-02-27 09:18:40",BPCL,109930,434.4
94327,"2018-02-27 09:18:40",LT,65370,1355
94328,"2018-02-27 09:18:40",MARUTI,42625,9102.9
94331,"2018-02-27 09:18:40",RELCAPITAL,122722,485.5
94332,"2018-02-27 09:18:40",RELIANCE,136735,942.7
94333,"2018-02-27 09:18:40",SUNPHARMA,250068,559.45
94329,"2018-02-27 09:18:40",TATAMOTORS,379526,375.9
94334,"2018-02-27 09:18:40",TCS,45832,3062.65
94335,"2018-02-27 09:18:41",LT,65484,1355.2
94337,"2018-02-27 09:18:41",RELCAPITAL,123522,485.55
94336,"2018-02-27 09:18:41",TATAMOTORS,386294,375.85
94344,"2018-02-27 09:18:42",BPCL,110596,434.25
94339,"2018-02-27 09:18:42",LT,66207,1354.95
94340,"2018-02-27 09:18:42",MARUTI,42760,9100
94341,"2018-02-27 09:18:42",RELIANCE,139744,941.7
94342,"2018-02-27 09:18:42",SUNPHARMA,250162,558.95
94338,"2018-02-27 09:18:42",TATAMOTORS,390112,375.65
94343,"2018-02-27 09:18:42",TCS,45910,3062.7
94351,"2018-02-27 09:18:43",BPCL,111696,434.4
94348,"2018-02-27 09:18:43",LT,66283,1355.1
94349,"2018-02-27 09:18:43",MARUTI,43842,9099.1
94345,"2018-02-27 09:18:43",RELCAPITAL,124941,485.65
94352,"2018-02-27 09:18:43",RELIANCE,141298,942.45
94346,"2018-02-27 09:18:43",SUNPHARMA,253412,559.4
94350,"2018-02-27 09:18:43",TATAMOTORS,390343,375.7
94347,"2018-02-27 09:18:43",TCS,46477,3061.05
94357,"2018-02-27 09:18:44",BPCL,111742,434.2
94354,"2018-02-27 09:18:44",LT,66682,1355
94355,"2018-02-27 09:18:44",MARUTI,44169,9093.15
94353,"2018-02-27 09:18:44",RELCAPITAL,125041,485.6
94356,"2018-02-27 09:18:44",RELIANCE,141398,942.4
94364,"2018-02-27 09:18:45",BPCL,111804,434.2
94361,"2018-02-27 09:18:45",LT,67004,1354.7
94362,"2018-02-27 09:18:45",MARUTI,44266,9092.35
94358,"2018-02-27 09:18:45",RELCAPITAL,125141,485.55
94359,"2018-02-27 09:18:45",RELIANCE,141468,942
94360,"2018-02-27 09:18:45",SUNPHARMA,254393,559.55
94363,"2018-02-27 09:18:45",TATAMOTORS,391509,375.7
94370,"2018-02-27 09:18:46",BPCL,112183,434.1
94365,"2018-02-27 09:18:46",MARUTI,44289,9094.35
94371,"2018-02-27 09:18:46",RELIANCE,141518,942.35
94367,"2018-02-27 09:18:46",SUNPHARMA,256004,559
94369,"2018-02-27 09:18:46",TATAMOTORS,391668,375.7
94368,"2018-02-27 09:18:46",TCS,46507,3061.4
94366,"2018-02-27 09:18:46",VEDL,236646,344.15
94373,"2018-02-27 09:18:47",LT,68184,1354.5
94374,"2018-02-27 09:18:47",MARUTI,44317,9093
94372,"2018-02-27 09:18:47",RELCAPITAL,125378,485.65
94376,"2018-02-27 09:18:47",RELIANCE,141778,942.35
94375,"2018-02-27 09:18:47",TATAMOTORS,391896,375.65
94378,"2018-02-27 09:18:48",BPCL,112479,433.95
94381,"2018-02-27 09:18:48",MARUTI,44581,9092.45
94379,"2018-02-27 09:18:48",RELCAPITAL,126060,485.2
94380,"2018-02-27 09:18:48",SUNPHARMA,256497,559.05
94382,"2018-02-27 09:18:48",TATAMOTORS,393098,375.7
94377,"2018-02-27 09:18:48",TCS,46517,3062.45
94383,"2018-02-27 09:18:49",BPCL,112529,433.95
94387,"2018-02-27 09:18:49",LT,68592,1354.85
94385,"2018-02-27 09:18:49",RELIANCE,141823,942.15
94388,"2018-02-27 09:18:49",TATAMOTORS,393188,375.65
94384,"2018-02-27 09:18:49",TCS,46635,3062.4
94386,"2018-02-27 09:18:49",VEDL,242036,343.8
94391,"2018-02-27 09:18:50",BPCL,113482,434
94393,"2018-02-27 09:18:50",LT,68819,1354.65
94389,"2018-02-27 09:18:50",RELCAPITAL,126285,485.4
94390,"2018-02-27 09:18:50",SUNPHARMA,256657,559
94392,"2018-02-27 09:18:50",TATAMOTORS,394118,375.75
94399,"2018-02-27 09:18:51",BPCL,114339,433.5
94397,"2018-02-27 09:18:51",LT,69228,1355.1
94394,"2018-02-27 09:18:51",MARUTI,44631,9092.45
94396,"2018-02-27 09:18:51",RELIANCE,142323,942.05
94400,"2018-02-27 09:18:51",SUNPHARMA,256717,559.2
94395,"2018-02-27 09:18:51",TATAMOTORS,397474,375.65
94398,"2018-02-27 09:18:51",TCS,46645,3062.4
94406,"2018-02-27 09:18:52",LT,70178,1355.15
94404,"2018-02-27 09:18:52",MARUTI,44662,9092.05
94401,"2018-02-27 09:18:52",RELCAPITAL,126742,485.2
94402,"2018-02-27 09:18:52",SUNPHARMA,256959,559.2
94403,"2018-02-27 09:18:52",TATAMOTORS,397684,375.5
94405,"2018-02-27 09:18:52",TATAMOTORS,398832,375.7
94407,"2018-02-27 09:18:52",TCS,46670,3062.15
94408,"2018-02-27 09:18:52",VEDL,243859,343.9
94410,"2018-02-27 09:18:53",LT,70601,1355.15
94411,"2018-02-27 09:18:53",MARUTI,44862,9092.05
94409,"2018-02-27 09:18:53",RELIANCE,142913,942.7
94412,"2018-02-27 09:18:53",SUNPHARMA,257109,559
94413,"2018-02-27 09:18:54",RELIANCE,143063,942.05
94415,"2018-02-27 09:18:54",SUNPHARMA,257229,559.2
94414,"2018-02-27 09:18:54",TATAMOTORS,399987,375.8
94418,"2018-02-27 09:18:55",MARUTI,44871,9090
94419,"2018-02-27 09:18:55",RELCAPITAL,126995,485.05
94416,"2018-02-27 09:18:55",RELIANCE,143642,942.7
94420,"2018-02-27 09:18:55",SUNPHARMA,258085,559.15
94417,"2018-02-27 09:18:55",TATAMOTORS,400237,375.7
94422,"2018-02-27 09:18:56",BPCL,114919,433.8
94424,"2018-02-27 09:18:56",LT,71178,1354.95
94426,"2018-02-27 09:18:56",RELCAPITAL,127095,485.4
94421,"2018-02-27 09:18:56",RELIANCE,143912,942.65
94423,"2018-02-27 09:18:56",TATAMOTORS,400901,375.85
94425,"2018-02-27 09:18:56",VEDL,244173,344.1
94427,"2018-02-27 09:18:57",MARUTI,45143,9091.85
94429,"2018-02-27 09:18:57",SUNPHARMA,260285,559.25
94428,"2018-02-27 09:18:57",TATAMOTORS,401132,375.85
94430,"2018-02-27 09:18:57",TCS,47007,3062.15
94436,"2018-02-27 09:18:58",BPCL,115055,433.8
94433,"2018-02-27 09:18:58",LT,71203,1354.95
94434,"2018-02-27 09:18:58",MARUTI,45264,9089.6
94431,"2018-02-27 09:18:58",RELCAPITAL,127170,485.05
94437,"2018-02-27 09:18:58",RELCAPITAL,127277,485.35
94438,"2018-02-27 09:18:58",RELIANCE,143947,942.7
94432,"2018-02-27 09:18:58",SUNPHARMA,261366,559.15
94435,"2018-02-27 09:18:58",TATAMOTORS,401482,375.7
94442,"2018-02-27 09:18:59",BPCL,115555,433.5
94439,"2018-02-27 09:18:59",LT,71392,1354.95
94440,"2018-02-27 09:18:59",MARUTI,45430,9090
94443,"2018-02-27 09:18:59",RELCAPITAL,127527,485
94444,"2018-02-27 09:18:59",RELIANCE,144307,942.7
94445,"2018-02-27 09:18:59",SUNPHARMA,261632,559.2
94441,"2018-02-27 09:18:59",TATAMOTORS,402098,375.65
94446,"2018-02-27 09:18:59",TCS,47027,3062.4
94447,"2018-02-27 09:19:00",LT,71674,1354.3
94448,"2018-02-27 09:19:00",MARUTI,45441,9090
94449,"2018-02-27 09:19:00",SUNPHARMA,261734,559.2
94450,"2018-02-27 09:19:00",TCS,47227,3060.5
94454,"2018-02-27 09:19:01",BPCL,116668,433.75
94457,"2018-02-27 09:19:01",LT,71958,1354.05
94458,"2018-02-27 09:19:01",MARUTI,45482,9090
94452,"2018-02-27 09:19:01",RELCAPITAL,128047,484.8
94453,"2018-02-27 09:19:01",RELIANCE,144464,942.7
94455,"2018-02-27 09:19:01",SUNPHARMA,262334,559
94451,"2018-02-27 09:19:01",TATAMOTORS,402919,375.7
94459,"2018-02-27 09:19:01",TATAMOTORS,404089,375.8
94456,"2018-02-27 09:19:01",TCS,47983,3059
94466,"2018-02-27 09:19:02",BPCL,117623,433.65
94462,"2018-02-27 09:19:02",LT,73204,1354.3
94460,"2018-02-27 09:19:02",RELCAPITAL,129048,485.15
94467,"2018-02-27 09:19:02",RELCAPITAL,129203,484.9
94461,"2018-02-27 09:19:02",RELIANCE,145273,942.7
94463,"2018-02-27 09:19:02",SUNPHARMA,263022,559.1
94464,"2018-02-27 09:19:02",TCS,48402,3059.85
94465,"2018-02-27 09:19:02",VEDL,244878,344
94472,"2018-02-27 09:19:03",MARUTI,45580,9086
94468,"2018-02-27 09:19:03",RELIANCE,145825,942.35
94470,"2018-02-27 09:19:03",SUNPHARMA,263652,559.2
94469,"2018-02-27 09:19:03",TATAMOTORS,405734,375.6
94471,"2018-02-27 09:19:03",TCS,48480,3059.85
94475,"2018-02-27 09:19:04",BPCL,118148,434
94473,"2018-02-27 09:19:04",LT,75641,1353.35
94479,"2018-02-27 09:19:04",MARUTI,45688,9089.5
94476,"2018-02-27 09:19:04",RELCAPITAL,129353,485
94477,"2018-02-27 09:19:04",SUNPHARMA,263727,559
94474,"2018-02-27 09:19:04",TATAMOTORS,407440,375.8
94478,"2018-02-27 09:19:04",TCS,48690,3061.05
94483,"2018-02-27 09:19:05",BPCL,118225,433.65
94482,"2018-02-27 09:19:05",MARUTI,45782,9089.6
94481,"2018-02-27 09:19:05",RELIANCE,146110,942.75
94484,"2018-02-27 09:19:05",SUNPHARMA,263942,559.2
94480,"2018-02-27 09:19:05",TATAMOTORS,407590,375.8
94485,"2018-02-27 09:19:05",VEDL,246096,344.05
94486,"2018-02-27 09:19:06",LT,76803,1353.75
94488,"2018-02-27 09:19:06",RELCAPITAL,129828,484.95
94489,"2018-02-27 09:19:06",RELIANCE,146417,942.75
94487,"2018-02-27 09:19:06",TATAMOTORS,408400,375.8
94493,"2018-02-27 09:19:07",BPCL,119841,433.45
94490,"2018-02-27 09:19:07",LT,77251,1354.4
94491,"2018-02-27 09:19:07",MARUTI,45793,9086
94497,"2018-02-27 09:19:07",MARUTI,45835,9088.3
94494,"2018-02-27 09:19:07",RELCAPITAL,129953,484.85
94495,"2018-02-27 09:19:07",RELIANCE,147020,942.7
94496,"2018-02-27 09:19:07",SUNPHARMA,264576,559.05
94492,"2018-02-27 09:19:07",TATAMOTORS,409870,375.8
94499,"2018-02-27 09:19:08",BPCL,119891,433.7
94498,"2018-02-27 09:19:08",LT,77685,1354.5
94500,"2018-02-27 09:19:08",RELCAPITAL,130300,484.95
94501,"2018-02-27 09:19:08",RELIANCE,147378,942.7
94504,"2018-02-27 09:19:08",TATAMOTORS,410378,375.85
94502,"2018-02-27 09:19:08",TCS,48973,3060
94503,"2018-02-27 09:19:08",VEDL,247301,344
94509,"2018-02-27 09:19:09",LT,78008,1354.4
94510,"2018-02-27 09:19:09",MARUTI,46108,9088
94505,"2018-02-27 09:19:09",RELCAPITAL,130370,484.95
94506,"2018-02-27 09:19:09",RELIANCE,147412,942.75
94507,"2018-02-27 09:19:09",SUNPHARMA,265075,559.2
94511,"2018-02-27 09:19:09",TATAMOTORS,410928,375.85
94508,"2018-02-27 09:19:09",TCS,49518,3059.2
94512,"2018-02-27 09:19:10",LT,78407,1353.8
94513,"2018-02-27 09:19:10",MARUTI,46118,9088
94514,"2018-02-27 09:19:10",RELCAPITAL,130420,484.95
94517,"2018-02-27 09:19:10",RELIANCE,147549,942.75
94515,"2018-02-27 09:19:10",SUNPHARMA,265221,559.2
94518,"2018-02-27 09:19:10",TATAMOTORS,411337,375.7
94516,"2018-02-27 09:19:10",TCS,49600,3061.35
94519,"2018-02-27 09:19:11",BPCL,121290,433.95
94524,"2018-02-27 09:19:11",LT,79825,1352.55
94521,"2018-02-27 09:19:11",MARUTI,46191,9085.05
94520,"2018-02-27 09:19:11",RELCAPITAL,131877,485
94522,"2018-02-27 09:19:11",RELIANCE,147835,942.75
94523,"2018-02-27 09:19:11",SUNPHARMA,265429,559.2
94525,"2018-02-27 09:19:11",TATAMOTORS,413385,375.65
94526,"2018-02-27 09:19:12",BPCL,121490,434
94528,"2018-02-27 09:19:12",LT,80633,1353.45
94529,"2018-02-27 09:19:12",MARUTI,46278,9085.05
94530,"2018-02-27 09:19:12",TATAMOTORS,413895,375.8
94527,"2018-02-27 09:19:12",TCS,49661,3060
94531,"2018-02-27 09:19:13",LT,81005,1353.95
94532,"2018-02-27 09:19:13",MARUTI,46352,9088
94535,"2018-02-27 09:19:13",RELIANCE,148373,942.75
94533,"2018-02-27 09:19:13",SUNPHARMA,265986,559.3
94534,"2018-02-27 09:19:13",TATAMOTORS,414135,375.75
94536,"2018-02-27 09:19:14",MARUTI,46383,9086.6
94538,"2018-02-27 09:19:14",RELCAPITAL,133647,485.2
94540,"2018-02-27 09:19:14",RELIANCE,148473,942.9
94537,"2018-02-27 09:19:14",SUNPHARMA,266140,559.25
94539,"2018-02-27 09:19:14",TATAMOTORS,414686,375.75
94541,"2018-02-27 09:19:14",VEDL,251310,344
94546,"2018-02-27 09:19:15",BPCL,122284,433.95
94544,"2018-02-27 09:19:15",LT,81919,1353.7
94545,"2018-02-27 09:19:15",MARUTI,46408,9088
94542,"2018-02-27 09:19:15",RELCAPITAL,133748,485.25
94543,"2018-02-27 09:19:15",SUNPHARMA,267375,559.15
94549,"2018-02-27 09:19:16",LT,82117,1353.7
94550,"2018-02-27 09:19:16",MARUTI,46421,9088
94548,"2018-02-27 09:19:16",RELCAPITAL,133868,485.15
94551,"2018-02-27 09:19:16",RELIANCE,148597,942.7
94547,"2018-02-27 09:19:16",SUNPHARMA,267656,559.05
94552,"2018-02-27 09:19:16",TATAMOTORS,415877,375.75
94555,"2018-02-27 09:19:17",BPCL,122488,433.95
94553,"2018-02-27 09:19:17",MARUTI,46466,9086.6
94556,"2018-02-27 09:19:17",TATAMOTORS,416143,375.65
94554,"2018-02-27 09:19:17",TCS,49682,3060.8
94559,"2018-02-27 09:19:18",LT,83431,1353.05
94560,"2018-02-27 09:19:18",MARUTI,46506,9086.75
94557,"2018-02-27 09:19:18",RELCAPITAL,134616,484.85
94558,"2018-02-27 09:19:18",SUNPHARMA,268177,559.1
94563,"2018-02-27 09:19:19",BPCL,123025,433.95
94565,"2018-02-27 09:19:19",BPCL,123125,433.95
94567,"2018-02-27 09:19:19",LT,84402,1353.9
94564,"2018-02-27 09:19:19",MARUTI,46623,9088
94561,"2018-02-27 09:19:19",RELIANCE,148954,942.65
94566,"2018-02-27 09:19:19",RELIANCE,149205,942.7
94562,"2018-02-27 09:19:19",SUNPHARMA,270784,558.6
94568,"2018-02-27 09:19:19",TATAMOTORS,416782,375.75
94572,"2018-02-27 09:19:20",BPCL,123285,434
94576,"2018-02-27 09:19:20",LT,85071,1354.35
94570,"2018-02-27 09:19:20",MARUTI,46797,9088
94569,"2018-02-27 09:19:20",RELCAPITAL,134796,485
94573,"2018-02-27 09:19:20",RELIANCE,149355,942.65
94574,"2018-02-27 09:19:20",SUNPHARMA,272217,558.4
94577,"2018-02-27 09:19:20",TATAMOTORS,417783,375.65
94575,"2018-02-27 09:19:20",TCS,49885,3060.9
94571,"2018-02-27 09:19:20",VEDL,256187,343.75
94580,"2018-02-27 09:19:21",LT,85625,1354.5
94581,"2018-02-27 09:19:21",MARUTI,47255,9088
94578,"2018-02-27 09:19:21",RELCAPITAL,135881,484.65
94579,"2018-02-27 09:19:21",SUNPHARMA,272868,558.95
94582,"2018-02-27 09:19:21",TATAMOTORS,418038,375.75
94583,"2018-02-27 09:19:21",TCS,49911,3060.55
94585,"2018-02-27 09:19:22",BPCL,123910,433.95
94588,"2018-02-27 09:19:22",LT,86089,1354.6
94587,"2018-02-27 09:19:22",MARUTI,47347,9088
94589,"2018-02-27 09:19:22",RELCAPITAL,136816,484.9
94590,"2018-02-27 09:19:22",RELIANCE,149622,942.6
94586,"2018-02-27 09:19:22",SUNPHARMA,273103,558.85
94584,"2018-02-27 09:19:22",TATAMOTORS,418235,375.7
94591,"2018-02-27 09:19:22",TCS,49947,3060.85
94592,"2018-02-27 09:19:23",BPCL,124510,433.65
94594,"2018-02-27 09:19:23",LT,86492,1354.6
94595,"2018-02-27 09:19:23",MARUTI,47464,9088.05
94598,"2018-02-27 09:19:23",RELCAPITAL,136847,484.9
94596,"2018-02-27 09:19:23",RELIANCE,149684,942.7
94597,"2018-02-27 09:19:23",SUNPHARMA,274214,559
94593,"2018-02-27 09:19:23",TATAMOTORS,421430,375.7
94604,"2018-02-27 09:19:24",BPCL,125639,433.8
94600,"2018-02-27 09:19:24",LT,86767,1354.65
94601,"2018-02-27 09:19:24",MARUTI,47636,9088
94605,"2018-02-27 09:19:24",SUNPHARMA,275389,558.6
94599,"2018-02-27 09:19:24",TATAMOTORS,421613,375.7
94602,"2018-02-27 09:19:24",TCS,49968,3060.85
94603,"2018-02-27 09:19:24",VEDL,256750,343.75
94610,"2018-02-27 09:19:25",LT,87800,1354.95
94611,"2018-02-27 09:19:25",MARUTI,47773,9088.05
94608,"2018-02-27 09:19:25",RELCAPITAL,137882,484.9
94612,"2018-02-27 09:19:25",RELCAPITAL,137983,484.9
94606,"2018-02-27 09:19:25",RELIANCE,150729,942.7
94613,"2018-02-27 09:19:25",SUNPHARMA,275842,558.95
94609,"2018-02-27 09:19:25",TATAMOTORS,424075,375.85
94607,"2018-02-27 09:19:25",TCS,50345,3060.7
94617,"2018-02-27 09:19:26",BPCL,127889,433.95
94620,"2018-02-27 09:19:26",LT,89301,1354.6
94618,"2018-02-27 09:19:26",MARUTI,47849,9087.65
94616,"2018-02-27 09:19:26",RELCAPITAL,138333,484.9
94615,"2018-02-27 09:19:26",SUNPHARMA,276342,558.6
94619,"2018-02-27 09:19:26",TATAMOTORS,426615,375.7
94614,"2018-02-27 09:19:26",TCS,50466,3060.55
94621,"2018-02-27 09:19:27",SUNPHARMA,276543,558.75
94623,"2018-02-27 09:19:27",TATAMOTORS,426825,375.7
94622,"2018-02-27 09:19:27",VEDL,257400,343.55
94631,"2018-02-27 09:19:28",BPCL,128093,433.75
94626,"2018-02-27 09:19:28",LT,89748,1354.75
94627,"2018-02-27 09:19:28",MARUTI,48438,9080.05
94624,"2018-02-27 09:19:28",RELCAPITAL,139442,484.9
94628,"2018-02-27 09:19:28",RELCAPITAL,139515,484.55
94625,"2018-02-27 09:19:28",RELIANCE,152585,942.3
94629,"2018-02-27 09:19:28",SUNPHARMA,277723,558.8
94632,"2018-02-27 09:19:28",TATAMOTORS,427428,375.75
94630,"2018-02-27 09:19:28",TCS,50610,3060.55
94638,"2018-02-27 09:19:29",BPCL,128325,433.8
94634,"2018-02-27 09:19:29",LT,89823,1354.75
94633,"2018-02-27 09:19:29",MARUTI,48578,9083.05
94635,"2018-02-27 09:19:29",TATAMOTORS,428028,375.5
94636,"2018-02-27 09:19:29",TCS,50764,3060
94637,"2018-02-27 09:19:29",VEDL,257921,343.7
94640,"2018-02-27 09:19:30",LT,90542,1354.7
94643,"2018-02-27 09:19:30",LT,90903,1354.05
94639,"2018-02-27 09:19:30",MARUTI,48819,9080
94641,"2018-02-27 09:19:30",RELIANCE,152932,942.45
94642,"2018-02-27 09:19:30",SUNPHARMA,278023,558.75
94644,"2018-02-27 09:19:30",TATAMOTORS,428693,375.75
94646,"2018-02-27 09:19:31",BPCL,129161,433.6
94649,"2018-02-27 09:19:31",BPCL,129193,433.75
94645,"2018-02-27 09:19:31",MARUTI,48892,9082.15
94647,"2018-02-27 09:19:31",RELCAPITAL,139756,484.9
94650,"2018-02-27 09:19:31",RELIANCE,153162,942.6
94651,"2018-02-27 09:19:31",SUNPHARMA,279324,558.5
94648,"2018-02-27 09:19:31",TATAMOTORS,429393,375.8
94652,"2018-02-27 09:19:31",TCS,51018,3060.7
94653,"2018-02-27 09:19:32",LT,91125,1353.25
94654,"2018-02-27 09:19:32",MARUTI,48988,9080.7
94656,"2018-02-27 09:19:32",RELCAPITAL,139883,484.85
94657,"2018-02-27 09:19:32",TATAMOTORS,429725,375.55
94655,"2018-02-27 09:19:32",VEDL,258521,343.7
94660,"2018-02-27 09:19:33",BPCL,131413,433.8
94658,"2018-02-27 09:19:33",LT,91230,1353.75
94659,"2018-02-27 09:19:33",MARUTI,49018,9082.1
94661,"2018-02-27 09:19:33",RELIANCE,153212,942.5
94664,"2018-02-27 09:19:34",BPCL,131516,433.95
94663,"2018-02-27 09:19:34",LT,92502,1353.5
94662,"2018-02-27 09:19:34",MARUTI,49074,9077.05
94666,"2018-02-27 09:19:34",RELIANCE,153322,942.6
94667,"2018-02-27 09:19:34",SUNPHARMA,280075,558.35
94665,"2018-02-27 09:19:34",TATAMOTORS,430407,375.75
94668,"2018-02-27 09:19:34",TCS,51053,3060.7
94672,"2018-02-27 09:19:35",BPCL,132187,433.95
94670,"2018-02-27 09:19:35",LT,92830,1353.75
94671,"2018-02-27 09:19:35",MARUTI,49092,9080.65
94669,"2018-02-27 09:19:35",RELCAPITAL,140270,484.5
94673,"2018-02-27 09:19:35",SUNPHARMA,280675,558.7
94674,"2018-02-27 09:19:35",TCS,51073,3060
94679,"2018-02-27 09:19:36",LT,92919,1353
94676,"2018-02-27 09:19:36",MARUTI,49108,9080.65
94675,"2018-02-27 09:19:36",RELCAPITAL,140778,484.95
94677,"2018-02-27 09:19:36",SUNPHARMA,280815,558.8
94678,"2018-02-27 09:19:36",TCS,51236,3060
94683,"2018-02-27 09:19:37",MARUTI,49406,9076.15
94681,"2018-02-27 09:19:37",RELCAPITAL,140938,484.55
94682,"2018-02-27 09:19:37",RELIANCE,153481,942.5
94684,"2018-02-27 09:19:37",SUNPHARMA,280903,558.45
94680,"2018-02-27 09:19:37",TATAMOTORS,430632,375.75
94688,"2018-02-27 09:19:38",BPCL,132472,433.85
94690,"2018-02-27 09:19:38",LT,92942,1353
94691,"2018-02-27 09:19:38",MARUTI,49692,9076.9
94686,"2018-02-27 09:19:38",RELCAPITAL,141253,484.5
94689,"2018-02-27 09:19:38",SUNPHARMA,281903,558.2
94687,"2018-02-27 09:19:38",TATAMOTORS,432137,375.65
94685,"2018-02-27 09:19:38",VEDL,258860,343.55
94693,"2018-02-27 09:19:39",RELCAPITAL,141453,484.5
94692,"2018-02-27 09:19:39",TATAMOTORS,433839,375.6
94696,"2018-02-27 09:19:40",BPCL,132673,433.85
94698,"2018-02-27 09:19:40",MARUTI,49726,9077.45
94695,"2018-02-27 09:19:40",RELIANCE,153619,942.5
94697,"2018-02-27 09:19:40",SUNPHARMA,282274,558.3
94694,"2018-02-27 09:19:40",TATAMOTORS,434730,375.75
94705,"2018-02-27 09:19:41",BPCL,133729,434
94699,"2018-02-27 09:19:41",LT,93042,1352.15
94706,"2018-02-27 09:19:41",MARUTI,49736,9075
94702,"2018-02-27 09:19:41",RELCAPITAL,141489,484.5
94703,"2018-02-27 09:19:41",RELIANCE,153923,942.5
94700,"2018-02-27 09:19:41",TATAMOTORS,435791,375.75
94704,"2018-02-27 09:19:41",TCS,51248,3059.55
94701,"2018-02-27 09:19:41",VEDL,261866,343.5
94707,"2018-02-27 09:19:42",LT,93426,1353.35
94710,"2018-02-27 09:19:42",RELCAPITAL,141718,484.65
94711,"2018-02-27 09:19:42",RELIANCE,154173,942.35
94709,"2018-02-27 09:19:42",SUNPHARMA,282805,558.2
94708,"2018-02-27 09:19:42",TATAMOTORS,436827,375.55
94712,"2018-02-27 09:19:43",LT,93636,1353.15
94713,"2018-02-27 09:19:43",MARUTI,49777,9078.05
94714,"2018-02-27 09:19:43",RELCAPITAL,142431,484.45
94715,"2018-02-27 09:19:43",RELIANCE,154207,942.35
94716,"2018-02-27 09:19:43",TATAMOTORS,436927,375.7
94722,"2018-02-27 09:19:44",BPCL,134509,434
94717,"2018-02-27 09:19:44",MARUTI,50133,9077.9
94718,"2018-02-27 09:19:44",RELCAPITAL,142607,484.5
94719,"2018-02-27 09:19:44",RELIANCE,154408,942.5
94721,"2018-02-27 09:19:44",SUNPHARMA,283035,558.65
94720,"2018-02-27 09:19:44",TATAMOTORS,437488,375.55
94723,"2018-02-27 09:19:45",LT,94767,1352.7
94724,"2018-02-27 09:19:45",MARUTI,50263,9078.95
94725,"2018-02-27 09:19:45",RELCAPITAL,142907,484.65
94726,"2018-02-27 09:19:45",RELIANCE,154608,942.5
94727,"2018-02-27 09:19:45",SUNPHARMA,283730,558.3
94729,"2018-02-27 09:19:46",BPCL,135656,434.2
94731,"2018-02-27 09:19:46",LT,94985,1352.95
94728,"2018-02-27 09:19:46",RELCAPITAL,143157,484.7
94732,"2018-02-27 09:19:46",RELIANCE,154719,942.5
94730,"2018-02-27 09:19:46",TATAMOTORS,437713,375.6
94733,"2018-02-27 09:19:46",TCS,51361,3059.75
94735,"2018-02-27 09:19:47",LT,95031,1352.95
94734,"2018-02-27 09:19:47",MARUTI,50364,9076.45
94736,"2018-02-27 09:19:47",RELCAPITAL,143487,484.55
94739,"2018-02-27 09:19:47",RELIANCE,171311,942.65
94737,"2018-02-27 09:19:47",SUNPHARMA,283893,558.7
94738,"2018-02-27 09:19:47",TATAMOTORS,439119,375.55
94740,"2018-02-27 09:19:48",LT,95330,1352.95
94741,"2018-02-27 09:19:48",MARUTI,50400,9076.5
94744,"2018-02-27 09:19:48",RELCAPITAL,144082,484.75
94742,"2018-02-27 09:19:48",SUNPHARMA,284044,558.7
94746,"2018-02-27 09:19:48",TATAMOTORS,440212,375.55
94743,"2018-02-27 09:19:48",TCS,51382,3059.65
94745,"2018-02-27 09:19:48",VEDL,262267,343.45
94749,"2018-02-27 09:19:49",LT,95363,1352.85
94750,"2018-02-27 09:19:49",MARUTI,50544,9074
94747,"2018-02-27 09:19:49",RELCAPITAL,145032,484.75
94748,"2018-02-27 09:19:49",SUNPHARMA,284144,558.45
94751,"2018-02-27 09:19:49",TATAMOTORS,441637,375.55
94753,"2018-02-27 09:19:50",LT,95427,1352.95
94754,"2018-02-27 09:19:50",MARUTI,50556,9074
94752,"2018-02-27 09:19:50",RELIANCE,172435,942.65
94756,"2018-02-27 09:19:50",SUNPHARMA,284459,558.5
94755,"2018-02-27 09:19:50",TATAMOTORS,442069,375.55
94757,"2018-02-27 09:19:50",TCS,51403,3059.55
94764,"2018-02-27 09:19:51",LT,95577,1352.7
94758,"2018-02-27 09:19:51",MARUTI,50673,9074
94759,"2018-02-27 09:19:51",RELCAPITAL,145883,484.65
94760,"2018-02-27 09:19:51",RELIANCE,174303,943
94761,"2018-02-27 09:19:51",SUNPHARMA,284667,558.45
94763,"2018-02-27 09:19:51",TATAMOTORS,444576,375.55
94762,"2018-02-27 09:19:51",TCS,51428,3059.15
94765,"2018-02-27 09:19:51",VEDL,264197,343.25
94771,"2018-02-27 09:19:52",BPCL,135869,434.2
94766,"2018-02-27 09:19:52",LT,95677,1352.7
94772,"2018-02-27 09:19:52",MARUTI,50753,9074
94767,"2018-02-27 09:19:52",RELCAPITAL,146083,484.7
94768,"2018-02-27 09:19:52",RELIANCE,175179,943
94769,"2018-02-27 09:19:52",SUNPHARMA,284879,558.5
94773,"2018-02-27 09:19:52",TATAMOTORS,445486,375.65
94770,"2018-02-27 09:19:52",TCS,51828,3058.35
94777,"2018-02-27 09:19:53",BPCL,136022,434.2
94774,"2018-02-27 09:19:53",LT,96528,1353
94775,"2018-02-27 09:19:53",TATAMOTORS,446047,375.65
94776,"2018-02-27 09:19:53",TCS,52209,3060
94778,"2018-02-27 09:19:54",LT,96553,1352.8
94779,"2018-02-27 09:19:54",MARUTI,50765,9072.25
94780,"2018-02-27 09:19:54",RELCAPITAL,146448,484.45
94781,"2018-02-27 09:19:54",RELIANCE,175235,943.05
94782,"2018-02-27 09:19:54",SUNPHARMA,285006,558.45
94785,"2018-02-27 09:19:55",BPCL,136418,434.2
94787,"2018-02-27 09:19:55",MARUTI,50934,9074
94786,"2018-02-27 09:19:55",RELCAPITAL,146590,484.35
94783,"2018-02-27 09:19:55",RELIANCE,175345,943.3
94784,"2018-02-27 09:19:55",TATAMOTORS,448098,375.5
94792,"2018-02-27 09:19:56",LT,96775,1352.95
94791,"2018-02-27 09:19:56",RELCAPITAL,146710,484.25
94789,"2018-02-27 09:19:56",RELIANCE,175497,943
94788,"2018-02-27 09:19:56",TATAMOTORS,464738,375.55
94790,"2018-02-27 09:19:56",TCS,52344,3058.65
94794,"2018-02-27 09:19:57",RELIANCE,175798,943
94795,"2018-02-27 09:19:57",SUNPHARMA,285406,558.75
94793,"2018-02-27 09:19:57",TATAMOTORS,466338,375.5
94797,"2018-02-27 09:19:58",LT,96908,1352.2
94798,"2018-02-27 09:19:58",RELCAPITAL,146750,484.35
94796,"2018-02-27 09:19:58",RELIANCE,175873,943
94799,"2018-02-27 09:19:58",TCS,52379,3060
94800,"2018-02-27 09:19:58",VEDL,266339,343.3
94801,"2018-02-27 09:19:59",BPCL,136449,434.35
94803,"2018-02-27 09:19:59",MARUTI,51047,9072
94804,"2018-02-27 09:19:59",RELCAPITAL,147100,484.25
94805,"2018-02-27 09:19:59",SUNPHARMA,285641,558.5
94802,"2018-02-27 09:19:59",TATAMOTORS,472082,375.3
94808,"2018-02-27 09:20:00",BPCL,139260,434
94806,"2018-02-27 09:20:00",MARUTI,51257,9074
94809,"2018-02-27 09:20:00",RELIANCE,175980,943.3
94807,"2018-02-27 09:20:00",TATAMOTORS,473282,375.5
94814,"2018-02-27 09:20:01",BPCL,140103,433.95
94810,"2018-02-27 09:20:01",MARUTI,51350,9074
94812,"2018-02-27 09:20:01",RELCAPITAL,147168,484.25
94815,"2018-02-27 09:20:01",RELIANCE,176263,943.3
94813,"2018-02-27 09:20:01",SUNPHARMA,285953,558.4
94811,"2018-02-27 09:20:01",TATAMOTORS,473542,375.3
94821,"2018-02-27 09:20:02",BPCL,140163,433.95
94819,"2018-02-27 09:20:02",LT,96928,1352.7
94820,"2018-02-27 09:20:02",MARUTI,51510,9073.65
94816,"2018-02-27 09:20:02",RELCAPITAL,147823,484.85
94822,"2018-02-27 09:20:02",RELIANCE,176313,943
94817,"2018-02-27 09:20:02",SUNPHARMA,299233,558.95
94823,"2018-02-27 09:20:02",TATAMOTORS,474029,375.4
94818,"2018-02-27 09:20:02",TCS,52406,3059.8
94830,"2018-02-27 09:20:03",BPCL,156672,434.55
94824,"2018-02-27 09:20:03",LT,97508,1352.3
94825,"2018-02-27 09:20:03",MARUTI,51578,9074.25
94829,"2018-02-27 09:20:03",RELCAPITAL,149093,484.9
94826,"2018-02-27 09:20:03",RELIANCE,177128,943.05
94827,"2018-02-27 09:20:03",SUNPHARMA,303790,559.3
94831,"2018-02-27 09:20:03",TATAMOTORS,477066,375.25
94828,"2018-02-27 09:20:03",TCS,53061,3061.3
94838,"2018-02-27 09:20:04",BPCL,157321,434.55
94832,"2018-02-27 09:20:04",LT,97888,1352.7
94839,"2018-02-27 09:20:04",RELCAPITAL,150303,485
94835,"2018-02-27 09:20:04",RELIANCE,177219,943.05
94833,"2018-02-27 09:20:04",SUNPHARMA,306815,559.35
94834,"2018-02-27 09:20:04",TATAMOTORS,477266,375.5
94836,"2018-02-27 09:20:04",TCS,53076,3061.6
94837,"2018-02-27 09:20:04",VEDL,267343,343.35
94842,"2018-02-27 09:20:05",BPCL,161171,434.55
94840,"2018-02-27 09:20:05",LT,98061,1353.1
94841,"2018-02-27 09:20:05",MARUTI,51714,9074.25
94843,"2018-02-27 09:20:05",RELCAPITAL,150756,485.2
94845,"2018-02-27 09:20:05",TATAMOTORS,478502,375.45
94844,"2018-02-27 09:20:05",TCS,53377,3061.6
94847,"2018-02-27 09:20:06",LT,98481,1353.1
94848,"2018-02-27 09:20:06",MARUTI,52009,9075
94850,"2018-02-27 09:20:06",RELIANCE,178748,943.3
94846,"2018-02-27 09:20:06",SUNPHARMA,307170,559.6
94849,"2018-02-27 09:20:06",TATAMOTORS,479582,375.35
94853,"2018-02-27 09:20:07",MARUTI,52158,9072.35
94851,"2018-02-27 09:20:07",RELCAPITAL,150862,485.1
94852,"2018-02-27 09:20:07",RELIANCE,178848,943.3
94855,"2018-02-27 09:20:07",RELIANCE,181619,943.5
94854,"2018-02-27 09:20:07",TATAMOTORS,479732,375.5
94859,"2018-02-27 09:20:08",BPCL,165993,434.35
94860,"2018-02-27 09:20:08",MARUTI,52443,9074.1
94856,"2018-02-27 09:20:08",RELCAPITAL,150937,485.05
94861,"2018-02-27 09:20:08",RELIANCE,182047,943.65
94857,"2018-02-27 09:20:08",SUNPHARMA,308920,559.85
94858,"2018-02-27 09:20:08",VEDL,269003,343.4
94866,"2018-02-27 09:20:09",BPCL,175242,434.3
94862,"2018-02-27 09:20:09",LT,98552,1353.4
94863,"2018-02-27 09:20:09",MARUTI,52487,9074.1
94867,"2018-02-27 09:20:09",RELCAPITAL,150997,485.5
94864,"2018-02-27 09:20:09",SUNPHARMA,309220,559.55
94868,"2018-02-27 09:20:09",TATAMOTORS,480040,375.5
94865,"2018-02-27 09:20:09",TCS,53546,3062.15
94871,"2018-02-27 09:20:10",BPCL,177027,434.25
94872,"2018-02-27 09:20:10",LT,99332,1353.3
94869,"2018-02-27 09:20:10",RELIANCE,182577,943.75
94870,"2018-02-27 09:20:10",SUNPHARMA,309630,559.5
94873,"2018-02-27 09:20:10",TATAMOTORS,480160,375.5
94878,"2018-02-27 09:20:11",BPCL,177149,434.25
94880,"2018-02-27 09:20:11",LT,99690,1353.2
94881,"2018-02-27 09:20:11",MARUTI,52524,9075
94875,"2018-02-27 09:20:11",RELCAPITAL,152035,485.45
94876,"2018-02-27 09:20:11",RELIANCE,183112,943.5
94877,"2018-02-27 09:20:11",SUNPHARMA,309912,559.55
94882,"2018-02-27 09:20:11",TATAMOTORS,480836,375.5
94879,"2018-02-27 09:20:11",TCS,53598,3063
94874,"2018-02-27 09:20:11",VEDL,270273,343.6
94885,"2018-02-27 09:20:12",BPCL,177199,434.3
94883,"2018-02-27 09:20:12",SUNPHARMA,310312,559.1
94884,"2018-02-27 09:20:12",TATAMOTORS,480936,375.45
94890,"2018-02-27 09:20:13",BPCL,182595,434
94886,"2018-02-27 09:20:13",LT,99887,1353.15
94887,"2018-02-27 09:20:13",MARUTI,53046,9075
94888,"2018-02-27 09:20:13",SUNPHARMA,310454,559.55
94889,"2018-02-27 09:20:13",TATAMOTORS,481236,375.6
94891,"2018-02-27 09:20:14",LT,100008,1352.95
94892,"2018-02-27 09:20:14",MARUTI,53217,9073.95
94895,"2018-02-27 09:20:14",RELCAPITAL,152904,485.15
94893,"2018-02-27 09:20:14",RELIANCE,183482,943.75
94896,"2018-02-27 09:20:14",TATAMOTORS,482003,375.45
94894,"2018-02-27 09:20:14",VEDL,270889,343.55
94897,"2018-02-27 09:20:15",MARUTI,53304,9074
94898,"2018-02-27 09:20:15",RELCAPITAL,153724,485.2
94899,"2018-02-27 09:20:15",SUNPHARMA,310612,559.55
94901,"2018-02-27 09:20:15",TATAMOTORS,482379,375.45
94900,"2018-02-27 09:20:15",TCS,53618,3063
94902,"2018-02-27 09:20:16",BPCL,185180,433.95
94904,"2018-02-27 09:20:16",MARUTI,53336,9073.9
94905,"2018-02-27 09:20:16",RELIANCE,184032,943.9
94903,"2018-02-27 09:20:16",SUNPHARMA,310712,559.6
94906,"2018-02-27 09:20:16",TATAMOTORS,484899,375.25
94908,"2018-02-27 09:20:17",LT,100134,1352.95
94909,"2018-02-27 09:20:17",MARUTI,53463,9074.05
94911,"2018-02-27 09:20:17",RELIANCE,184183,943.75
94910,"2018-02-27 09:20:17",TATAMOTORS,486919,375.25
94907,"2018-02-27 09:20:17",VEDL,273264,343.65
94914,"2018-02-27 09:20:18",BPCL,187130,434
94912,"2018-02-27 09:20:18",LT,100474,1352.3
94913,"2018-02-27 09:20:18",MARUTI,53595,9074.35
94915,"2018-02-27 09:20:18",RELCAPITAL,153949,485.3
94916,"2018-02-27 09:20:18",SUNPHARMA,310976,559.45
94918,"2018-02-27 09:20:18",TATAMOTORS,487219,375.25
94917,"2018-02-27 09:20:18",TCS,53643,3063
94924,"2018-02-27 09:20:19",BPCL,188179,433.6
94919,"2018-02-27 09:20:19",RELCAPITAL,154049,485.25
94925,"2018-02-27 09:20:19",RELCAPITAL,154099,485.2
94922,"2018-02-27 09:20:19",RELIANCE,185440,944
94920,"2018-02-27 09:20:19",SUNPHARMA,311174,559.3
94921,"2018-02-27 09:20:19",TATAMOTORS,488554,375.25
94923,"2018-02-27 09:20:19",TCS,53743,3063
94926,"2018-02-27 09:20:20",MARUTI,53635,9072.05
94927,"2018-02-27 09:20:20",TCS,53818,3062.85
94928,"2018-02-27 09:20:20",VEDL,273551,343.5
94931,"2018-02-27 09:20:21",BPCL,188809,433.85
94929,"2018-02-27 09:20:21",RELIANCE,185962,943.75
94930,"2018-02-27 09:20:21",SUNPHARMA,312373,559.5
94933,"2018-02-27 09:20:21",SUNPHARMA,312573,559.5
94932,"2018-02-27 09:20:21",TATAMOTORS,488687,375.25
94934,"2018-02-27 09:20:21",TCS,54065,3060
94935,"2018-02-27 09:20:22",BPCL,189631,433.95
94938,"2018-02-27 09:20:22",LT,100627,1352.2
94939,"2018-02-27 09:20:22",RELCAPITAL,155095,485.5
94936,"2018-02-27 09:20:22",RELIANCE,186515,944
94940,"2018-02-27 09:20:22",SUNPHARMA,314248,559.5
94937,"2018-02-27 09:20:22",TATAMOTORS,491170,375.25
94941,"2018-02-27 09:20:23",MARUTI,53704,9071.65
94945,"2018-02-27 09:20:23",RELCAPITAL,155495,485
94944,"2018-02-27 09:20:23",RELIANCE,186992,944
94942,"2018-02-27 09:20:23",TATAMOTORS,497156,375.25
94943,"2018-02-27 09:20:23",VEDL,273732,343.4
94946,"2018-02-27 09:20:24",MARUTI,53921,9070
94948,"2018-02-27 09:20:24",RELIANCE,188166,943.95
94947,"2018-02-27 09:20:24",TATAMOTORS,498500,375.25
94953,"2018-02-27 09:20:25",BPCL,189813,433.85
94949,"2018-02-27 09:20:25",LT,100703,1352.3
94954,"2018-02-27 09:20:25",MARUTI,54029,9073.3
94951,"2018-02-27 09:20:25",RELIANCE,189068,943.8
94952,"2018-02-27 09:20:25",SUNPHARMA,314820,559.5
94950,"2018-02-27 09:20:25",TATAMOTORS,500634,375.25
94959,"2018-02-27 09:20:26",LT,100825,1352.4
94955,"2018-02-27 09:20:26",RELCAPITAL,156261,485.15
94956,"2018-02-27 09:20:26",RELIANCE,190482,944
94957,"2018-02-27 09:20:26",SUNPHARMA,317095,559.5
94958,"2018-02-27 09:20:26",VEDL,274352,343.35
94960,"2018-02-27 09:22:34",BPCL,366512,434.05
94961,"2018-02-27 09:22:34",LT,156619,1347.5
94962,"2018-02-27 09:22:34",MARUTI,65870,9058
94963,"2018-02-27 09:22:34",RELCAPITAL,207808,484.95
94966,"2018-02-27 09:22:34",RELIANCE,314789,946.25
94967,"2018-02-27 09:22:34",SUNPHARMA,405504,561.05
94968,"2018-02-27 09:22:34",TATAMOTORS,604456,375.6
94964,"2018-02-27 09:22:34",TCS,59980,3058.35
94965,"2018-02-27 09:22:34",VEDL,327977,343
94969,"2018-02-27 09:22:35",LT,157107,1347.5
94970,"2018-02-27 09:22:35",MARUTI,65967,9058
94971,"2018-02-27 09:22:35",RELCAPITAL,208410,484.6
94972,"2018-02-27 09:22:35",TATAMOTORS,605043,375.6
94973,"2018-02-27 09:22:36",BPCL,367162,434.15
94974,"2018-02-27 09:22:36",RELIANCE,315204,946.05
94975,"2018-02-27 09:22:36",SUNPHARMA,406096,560.95
94980,"2018-02-27 09:22:37",BPCL,367312,434.15
94978,"2018-02-27 09:22:37",LT,157362,1347.25
94976,"2018-02-27 09:22:37",MARUTI,66012,9058.15
94977,"2018-02-27 09:22:37",RELCAPITAL,208510,484.9
94981,"2018-02-27 09:22:37",RELCAPITAL,208635,484.9
94979,"2018-02-27 09:22:37",RELIANCE,316558,946.65
94982,"2018-02-27 09:22:37",TATAMOTORS,605173,375.5
94985,"2018-02-27 09:22:38",BPCL,367689,434.15
94986,"2018-02-27 09:22:38",LT,157464,1347
94987,"2018-02-27 09:22:38",RELIANCE,317880,946.4
94983,"2018-02-27 09:22:38",SUNPHARMA,406238,561.15
94984,"2018-02-27 09:22:38",VEDL,328612,343.1
94993,"2018-02-27 09:22:39",LT,158158,1347.35
94988,"2018-02-27 09:22:39",MARUTI,66033,9058
94989,"2018-02-27 09:22:39",RELCAPITAL,208735,484.9
94994,"2018-02-27 09:22:39",RELIANCE,318131,946
94991,"2018-02-27 09:22:39",SUNPHARMA,408838,561.4
94992,"2018-02-27 09:22:39",TCS,60147,3058
94990,"2018-02-27 09:22:39",VEDL,329328,343
94999,"2018-02-27 09:22:40",BPCL,369679,434.05
94996,"2018-02-27 09:22:40",LT,158213,1347.15
94997,"2018-02-27 09:22:40",MARUTI,66080,9057.5
95001,"2018-02-27 09:22:40",RELIANCE,318581,946.25
95000,"2018-02-27 09:22:40",SUNPHARMA,409048,561.25
94995,"2018-02-27 09:22:40",TATAMOTORS,605483,375.55
94998,"2018-02-27 09:22:40",TCS,60300,3058
95003,"2018-02-27 09:22:41",LT,158588,1347.05
95004,"2018-02-27 09:22:41",MARUTI,66100,9060
95002,"2018-02-27 09:22:41",VEDL,329528,342.95
95008,"2018-02-27 09:22:42",LT,158700,1348.15
95009,"2018-02-27 09:22:42",MARUTI,66126,9060
95006,"2018-02-27 09:22:42",RELIANCE,319816,946.3
95007,"2018-02-27 09:22:42",SUNPHARMA,409756,561.35
95010,"2018-02-27 09:22:42",TATAMOTORS,606823,375.45
95005,"2018-02-27 09:22:42",VEDL,330603,342.8
95015,"2018-02-27 09:22:43",LT,158770,1347.6
95016,"2018-02-27 09:22:43",RELCAPITAL,212156,484.45
95011,"2018-02-27 09:22:43",RELIANCE,321101,946.3
95012,"2018-02-27 09:22:43",SUNPHARMA,411772,561.15
95013,"2018-02-27 09:22:43",TATAMOTORS,607573,375.5
95014,"2018-02-27 09:22:43",TCS,60537,3056.1
95018,"2018-02-27 09:22:44",MARUTI,66240,9060
95017,"2018-02-27 09:22:44",SUNPHARMA,412334,561.25
95021,"2018-02-27 09:22:45",BPCL,370024,434.3
95019,"2018-02-27 09:22:45",LT,158916,1347.5
95022,"2018-02-27 09:22:45",RELIANCE,321413,946
95023,"2018-02-27 09:22:45",SUNPHARMA,412496,561.1
95020,"2018-02-27 09:22:45",VEDL,331053,342.8
95027,"2018-02-27 09:22:46",RELCAPITAL,212576,484.5
95025,"2018-02-27 09:22:46",RELIANCE,322020,946.3
95028,"2018-02-27 09:22:46",SUNPHARMA,413339,561.7
95024,"2018-02-27 09:22:46",TCS,60607,3057.6
95026,"2018-02-27 09:22:46",VEDL,331581,342.6
95030,"2018-02-27 09:22:47",MARUTI,66303,9060
95029,"2018-02-27 09:22:47",SUNPHARMA,413464,561.25
95032,"2018-02-27 09:22:47",TATAMOTORS,608749,375.5
95031,"2018-02-27 09:22:47",TCS,60627,3057
95033,"2018-02-27 09:22:47",VEDL,331688,342.55
95038,"2018-02-27 09:22:48",BPCL,370227,434.3
95035,"2018-02-27 09:22:48",LT,159021,1347.9
95036,"2018-02-27 09:22:48",RELIANCE,323220,946.4
95034,"2018-02-27 09:22:48",SUNPHARMA,414544,561.25
95037,"2018-02-27 09:22:48",TATAMOTORS,609220,375.55
95039,"2018-02-27 09:22:49",MARUTI,66514,9058.2
95040,"2018-02-27 09:22:49",RELCAPITAL,212961,484.4
95042,"2018-02-27 09:22:49",RELIANCE,324401,946.4
95041,"2018-02-27 09:22:49",TATAMOTORS,616123,375.45
95043,"2018-02-27 09:22:49",VEDL,331888,342.5
95046,"2018-02-27 09:22:50",BPCL,370327,434.35
95044,"2018-02-27 09:22:50",SUNPHARMA,428290,562.25
95045,"2018-02-27 09:22:50",TATAMOTORS,616273,375.45
95051,"2018-02-27 09:22:51",BPCL,370427,434.3
95052,"2018-02-27 09:22:51",MARUTI,66567,9060.1
95053,"2018-02-27 09:22:51",RELCAPITAL,213161,484.5
95047,"2018-02-27 09:22:51",RELIANCE,325121,946.5
95048,"2018-02-27 09:22:51",SUNPHARMA,428773,561.85
95049,"2018-02-27 09:22:51",TCS,60689,3057.6
95050,"2018-02-27 09:22:51",VEDL,332661,342.6
95060,"2018-02-27 09:22:52",BPCL,370660,434.4
95054,"2018-02-27 09:22:52",LT,159068,1347.95
95058,"2018-02-27 09:22:52",RELCAPITAL,213488,484.3
95055,"2018-02-27 09:22:52",RELIANCE,325222,946.5
95057,"2018-02-27 09:22:52",SUNPHARMA,431493,562.35
95056,"2018-02-27 09:22:52",TATAMOTORS,617392,375.45
95059,"2018-02-27 09:22:52",TCS,61257,3055
95062,"2018-02-27 09:22:53",MARUTI,66585,9064
95063,"2018-02-27 09:22:53",RELIANCE,325372,946.5
95064,"2018-02-27 09:22:53",SUNPHARMA,460244,563.3
95061,"2018-02-27 09:22:53",TATAMOTORS,618513,375.4
95065,"2018-02-27 09:22:53",TCS,61390,3055
95066,"2018-02-27 09:22:53",VEDL,333161,342.7
95072,"2018-02-27 09:22:54",LT,159119,1348.15
95067,"2018-02-27 09:22:54",MARUTI,66645,9063.95
95068,"2018-02-27 09:22:54",RELCAPITAL,213588,484.45
95073,"2018-02-27 09:22:54",RELIANCE,326140,946.45
95070,"2018-02-27 09:22:54",TATAMOTORS,619530,375.45
95069,"2018-02-27 09:22:54",TCS,61408,3054.05
95071,"2018-02-27 09:22:54",VEDL,334028,342.9
95080,"2018-02-27 09:22:55",BPCL,370893,434.25
95077,"2018-02-27 09:22:55",LT,159171,1348.35
95078,"2018-02-27 09:22:55",MARUTI,66696,9058.7
95074,"2018-02-27 09:22:55",RELCAPITAL,214343,484.2
95075,"2018-02-27 09:22:55",SUNPHARMA,465168,562.95
95076,"2018-02-27 09:22:55",TATAMOTORS,622390,375.45
95079,"2018-02-27 09:22:55",VEDL,334228,342.85
95083,"2018-02-27 09:22:56",RELIANCE,328213,946.45
95082,"2018-02-27 09:22:56",SUNPHARMA,466243,563.05
95081,"2018-02-27 09:22:56",TCS,61724,3052.2
95084,"2018-02-27 09:22:57",BPCL,371206,434.15
95088,"2018-02-27 09:22:57",RELCAPITAL,215630,484.4
95086,"2018-02-27 09:22:57",RELIANCE,328963,946.5
95087,"2018-02-27 09:22:57",SUNPHARMA,467517,562.7
95085,"2018-02-27 09:22:57",TCS,61744,3053.85
95089,"2018-02-27 09:22:57",VEDL,335533,342.7
95092,"2018-02-27 09:22:58",RELIANCE,329208,946.25
95093,"2018-02-27 09:22:58",SUNPHARMA,468587,562.7
95090,"2018-02-27 09:22:58",TATAMOTORS,622590,375.45
95091,"2018-02-27 09:22:58",TCS,61944,3051.6
95098,"2018-02-27 09:22:59",BPCL,372207,434.35
95095,"2018-02-27 09:22:59",RELIANCE,330265,946.8
95096,"2018-02-27 09:22:59",SUNPHARMA,468908,562.3
95094,"2018-02-27 09:22:59",TATAMOTORS,622815,375.45
95097,"2018-02-27 09:22:59",TCS,62443,3051.35
95099,"2018-02-27 09:23:00",BPCL,373355,434.15
95102,"2018-02-27 09:23:00",LT,159316,1348.9
95100,"2018-02-27 09:23:00",RELCAPITAL,216149,484.4
95101,"2018-02-27 09:23:00",RELIANCE,330413,946.45
95103,"2018-02-27 09:23:00",VEDL,335633,342.6
95107,"2018-02-27 09:23:01",BPCL,373455,434.25
95108,"2018-02-27 09:23:01",LT,161588,1349.05
95109,"2018-02-27 09:23:01",MARUTI,66781,9062.95
95105,"2018-02-27 09:23:01",RELCAPITAL,217824,484
95104,"2018-02-27 09:23:01",RELIANCE,330538,946.05
95110,"2018-02-27 09:23:01",TATAMOTORS,623315,375.4
95106,"2018-02-27 09:23:01",TCS,62765,3053.55
95112,"2018-02-27 09:23:02",RELIANCE,331830,946.5
95111,"2018-02-27 09:23:02",SUNPHARMA,475468,562.65
95114,"2018-02-27 09:23:02",TATAMOTORS,623961,375.45
95113,"2018-02-27 09:23:02",VEDL,336258,342.6
95117,"2018-02-27 09:23:03",LT,162338,1349.05
95118,"2018-02-27 09:23:03",MARUTI,66799,9063
95119,"2018-02-27 09:23:03",RELCAPITAL,217949,484.3
95116,"2018-02-27 09:23:03",RELIANCE,334005,946.45
95115,"2018-02-27 09:23:03",SUNPHARMA,476777,562.35
95121,"2018-02-27 09:23:04",BPCL,373749,434.2
95122,"2018-02-27 09:23:04",LT,162832,1349.05
95124,"2018-02-27 09:23:04",RELCAPITAL,218164,484.3
95126,"2018-02-27 09:23:04",RELIANCE,334530,946.5
95127,"2018-02-27 09:23:04",SUNPHARMA,478400,562.35
95123,"2018-02-27 09:23:04",TATAMOTORS,625746,375.4
95125,"2018-02-27 09:23:04",TCS,62977,3052.65
95120,"2018-02-27 09:23:04",VEDL,336758,342.6
95128,"2018-02-27 09:23:05",BPCL,373949,434.25
95129,"2018-02-27 09:23:05",LT,163075,1349.3
95130,"2018-02-27 09:23:05",MARUTI,66813,9060.15
95131,"2018-02-27 09:23:05",RELIANCE,335667,946.5
95132,"2018-02-27 09:23:05",SUNPHARMA,478714,562.55
95139,"2018-02-27 09:23:06",LT,163225,1349.3
95136,"2018-02-27 09:23:06",MARUTI,66880,9060.15
95134,"2018-02-27 09:23:06",RELCAPITAL,218234,484.2
95138,"2018-02-27 09:23:06",RELIANCE,336429,946.8
95133,"2018-02-27 09:23:06",SUNPHARMA,478816,562.45
95137,"2018-02-27 09:23:06",TATAMOTORS,626449,375.45
95135,"2018-02-27 09:23:06",TCS,63090,3053.45
95142,"2018-02-27 09:23:07",BPCL,380671,433.95
95143,"2018-02-27 09:23:07",LT,163729,1348.9
95144,"2018-02-27 09:23:07",MARUTI,66920,9060.15
95141,"2018-02-27 09:23:07",RELCAPITAL,218464,484.2
95140,"2018-02-27 09:23:07",SUNPHARMA,478936,562.5
95145,"2018-02-27 09:23:07",TATAMOTORS,627548,375.5
95148,"2018-02-27 09:23:08",MARUTI,66934,9060.15
95146,"2018-02-27 09:23:08",RELIANCE,338435,946.5
95147,"2018-02-27 09:23:08",SUNPHARMA,479530,562.6
95149,"2018-02-27 09:23:08",TCS,63281,3053.1
95153,"2018-02-27 09:23:09",BPCL,380796,434
95154,"2018-02-27 09:23:09",LT,163841,1349
95172,"2018-02-27 09:23:09",MARUTI,67031,9061.75
95150,"2018-02-27 09:23:09",RELIANCE,339138,946.5
95151,"2018-02-27 09:23:09",SUNPHARMA,480451,562.65
95152,"2018-02-27 09:23:09",TATAMOTORS,628600,375.5
95171,"2018-02-27 09:23:09",TCS,63414,3051.15
95155,"2018-02-27 09:23:09",VEDL,337758,342.85
95173,"2018-02-27 09:23:10",LT,163951,1348.9
95176,"2018-02-27 09:23:10",MARUTI,68128,9063.85
95177,"2018-02-27 09:23:10",RELCAPITAL,218640,484.05
95174,"2018-02-27 09:23:10",RELIANCE,339363,946.5
95178,"2018-02-27 09:23:10",SUNPHARMA,480686,562.6
95175,"2018-02-27 09:23:10",TATAMOTORS,628956,375.4
95181,"2018-02-27 09:23:11",BPCL,382809,433.7
95180,"2018-02-27 09:23:11",LT,165723,1348.65
95182,"2018-02-27 09:23:11",RELCAPITAL,218942,484
95183,"2018-02-27 09:23:11",RELIANCE,341675,947
95184,"2018-02-27 09:23:11",SUNPHARMA,481437,562.6
95179,"2018-02-27 09:23:11",VEDL,338058,342.8
95185,"2018-02-27 09:23:12",LT,165758,1348.65
95186,"2018-02-27 09:23:12",MARUTI,68470,9065
95188,"2018-02-27 09:23:12",RELIANCE,341768,946.45
95189,"2018-02-27 09:23:12",TATAMOTORS,630101,375.3
95187,"2018-02-27 09:23:12",VEDL,339058,342.85
95194,"2018-02-27 09:23:13",BPCL,383255,433.7
95195,"2018-02-27 09:23:13",LT,166025,1348.65
95193,"2018-02-27 09:23:13",MARUTI,68670,9063.85
95191,"2018-02-27 09:23:13",RELCAPITAL,219049,484
95197,"2018-02-27 09:23:13",RELIANCE,342246,946.55
95190,"2018-02-27 09:23:13",SUNPHARMA,482199,562.6
95198,"2018-02-27 09:23:13",TATAMOTORS,638392,375.3
95196,"2018-02-27 09:23:13",TCS,63530,3051.9
95192,"2018-02-27 09:23:13",VEDL,339208,342.8
95201,"2018-02-27 09:23:14",LT,166156,1348
95202,"2018-02-27 09:23:14",MARUTI,68707,9064.95
95203,"2018-02-27 09:23:14",SUNPHARMA,486817,562.25
95200,"2018-02-27 09:23:14",TCS,63630,3052.05
95199,"2018-02-27 09:23:14",VEDL,339664,342.8
95205,"2018-02-27 09:23:15",BPCL,383644,433.75
95209,"2018-02-27 09:23:15",RELCAPITAL,219151,484.1
95206,"2018-02-27 09:23:15",RELIANCE,343121,946.5
95208,"2018-02-27 09:23:15",SUNPHARMA,490936,562.05
95207,"2018-02-27 09:23:15",TATAMOTORS,639667,375.4
95204,"2018-02-27 09:23:15",VEDL,339880,342.8
95212,"2018-02-27 09:23:16",BPCL,384056,433.85
95213,"2018-02-27 09:23:16",RELCAPITAL,219251,484.15
95210,"2018-02-27 09:23:16",RELIANCE,344176,946.95
95214,"2018-02-27 09:23:16",SUNPHARMA,491348,562.4
95215,"2018-02-27 09:23:16",TATAMOTORS,639998,375.35
95211,"2018-02-27 09:23:16",VEDL,349955,342.95
95217,"2018-02-27 09:23:17",MARUTI,68724,9065
95219,"2018-02-27 09:23:17",SUNPHARMA,491748,562.4
95220,"2018-02-27 09:23:17",TATAMOTORS,640237,375.35
95218,"2018-02-27 09:23:17",TCS,63765,3052
95216,"2018-02-27 09:23:17",VEDL,350070,342.95
95224,"2018-02-27 09:23:18",BPCL,384473,433.8
95227,"2018-02-27 09:23:18",LT,166296,1348.1
95221,"2018-02-27 09:23:18",MARUTI,68750,9065
95226,"2018-02-27 09:23:18",RELIANCE,346401,946.75
95225,"2018-02-27 09:23:18",SUNPHARMA,492120,562.4
95222,"2018-02-27 09:23:18",TCS,63782,3052
95223,"2018-02-27 09:23:18",VEDL,352055,342.95
95231,"2018-02-27 09:23:19",LT,166341,1347.9
95232,"2018-02-27 09:23:19",MARUTI,68785,9065
95230,"2018-02-27 09:23:19",RELIANCE,346611,947
95229,"2018-02-27 09:23:19",SUNPHARMA,492940,562.45
95228,"2018-02-27 09:23:19",TATAMOTORS,642136,375.35
95233,"2018-02-27 09:23:19",TCS,63812,3052.2
95236,"2018-02-27 09:23:20",BPCL,384828,433.8
95237,"2018-02-27 09:23:20",RELCAPITAL,219339,484.2
95234,"2018-02-27 09:23:20",TATAMOTORS,644676,375.35
95235,"2018-02-27 09:23:20",VEDL,352575,342.9
95238,"2018-02-27 09:23:21",LT,166391,1348
95239,"2018-02-27 09:23:21",MARUTI,68803,9065
95242,"2018-02-27 09:23:21",RELCAPITAL,219549,484.3
95240,"2018-02-27 09:23:21",SUNPHARMA,493754,562
95241,"2018-02-27 09:23:21",TATAMOTORS,650986,375.4
95243,"2018-02-27 09:23:22",MARUTI,68923,9063.85
95246,"2018-02-27 09:23:22",RELCAPITAL,220859,484.3
95244,"2018-02-27 09:23:22",RELIANCE,346761,946.8
95248,"2018-02-27 09:23:22",SUNPHARMA,496484,562.35
95245,"2018-02-27 09:23:22",TATAMOTORS,652660,375.4
95247,"2018-02-27 09:23:22",TCS,63865,3052.85
95252,"2018-02-27 09:23:23",BPCL,385512,434.1
95249,"2018-02-27 09:23:23",MARUTI,68979,9065
95250,"2018-02-27 09:23:23",RELCAPITAL,221286,484.4
95254,"2018-02-27 09:23:23",SUNPHARMA,498653,562.4
95253,"2018-02-27 09:23:23",TATAMOTORS,654341,375.4
95251,"2018-02-27 09:23:23",VEDL,352773,343.05
95259,"2018-02-27 09:23:24",BPCL,385941,434.1
95260,"2018-02-27 09:23:24",LT,166477,1347.9
95255,"2018-02-27 09:23:24",MARUTI,69070,9068
95256,"2018-02-27 09:23:24",RELCAPITAL,221471,484.35
95261,"2018-02-27 09:23:24",RELIANCE,349498,946.95
95262,"2018-02-27 09:23:24",TATAMOTORS,654754,375.4
95257,"2018-02-27 09:23:24",TCS,64143,3052.45
95258,"2018-02-27 09:23:24",VEDL,352893,343.1
95269,"2018-02-27 09:23:25",BPCL,386979,434.2
95270,"2018-02-27 09:23:25",LT,166997,1348.75
95263,"2018-02-27 09:23:25",MARUTI,69135,9065.4
95271,"2018-02-27 09:23:25",RELCAPITAL,221582,484.35
95266,"2018-02-27 09:23:25",RELIANCE,350023,947
95265,"2018-02-27 09:23:25",SUNPHARMA,500131,562.35
95267,"2018-02-27 09:23:25",TATAMOTORS,657700,375.55
95264,"2018-02-27 09:23:25",TCS,64158,3053.45
95268,"2018-02-27 09:23:25",VEDL,353959,343.2
95274,"2018-02-27 09:23:26",BPCL,387141,434.2
95275,"2018-02-27 09:23:26",LT,167122,1348.8
95276,"2018-02-27 09:23:26",RELIANCE,353858,947
95272,"2018-02-27 09:23:26",SUNPHARMA,503783,562.55
95273,"2018-02-27 09:23:26",VEDL,354159,343.3
95278,"2018-02-27 09:23:27",MARUTI,69190,9070
95280,"2018-02-27 09:23:27",RELIANCE,354100,947
95277,"2018-02-27 09:23:27",SUNPHARMA,504645,562.65
95279,"2018-02-27 09:23:27",TCS,64353,3052.6
95282,"2018-02-27 09:23:28",BPCL,387305,434.35
95283,"2018-02-27 09:23:28",LT,167197,1349
95281,"2018-02-27 09:23:28",RELCAPITAL,221687,484.4
95286,"2018-02-27 09:23:28",RELIANCE,356528,946.8
95287,"2018-02-27 09:23:28",SUNPHARMA,506572,562.65
95284,"2018-02-27 09:23:28",TCS,64706,3054.6
95285,"2018-02-27 09:23:28",VEDL,361377,343.15
95288,"2018-02-27 09:23:29",RELCAPITAL,221890,484.5
95289,"2018-02-27 09:23:29",SUNPHARMA,514919,562.9
95290,"2018-02-27 09:23:29",TATAMOTORS,659212,375.55
95294,"2018-02-27 09:23:30",BPCL,387456,434.35
95295,"2018-02-27 09:23:30",LT,167441,1349
95296,"2018-02-27 09:23:30",RELCAPITAL,222924,484.45
95291,"2018-02-27 09:23:30",RELIANCE,358798,946.9
95292,"2018-02-27 09:23:30",SUNPHARMA,515269,563.35
95293,"2018-02-27 09:23:30",TCS,64772,3054.6
95299,"2018-02-27 09:23:31",LT,167516,1348.8
95300,"2018-02-27 09:23:31",MARUTI,69349,9070
95298,"2018-02-27 09:23:31",RELIANCE,360030,946.9
95297,"2018-02-27 09:23:31",SUNPHARMA,516011,563.15
95301,"2018-02-27 09:23:31",VEDL,364125,343.25
95302,"2018-02-27 09:23:32",SUNPHARMA,516466,563.1
95308,"2018-02-27 09:23:33",LT,168224,1348.8
95304,"2018-02-27 09:23:33",RELCAPITAL,223139,484.5
95306,"2018-02-27 09:23:33",RELIANCE,363036,946.8
95307,"2018-02-27 09:23:33",SUNPHARMA,516866,563.35
95303,"2018-02-27 09:23:33",TATAMOTORS,659836,375.7
95305,"2018-02-27 09:23:33",VEDL,364545,343.3
95310,"2018-02-27 09:23:34",BPCL,387537,434.3
95315,"2018-02-27 09:23:34",BPCL,388110,434.3
95316,"2018-02-27 09:23:34",MARUTI,69510,9070.55
95311,"2018-02-27 09:23:34",RELCAPITAL,223639,484.4
95309,"2018-02-27 09:23:34",RELIANCE,363435,946.9
95313,"2018-02-27 09:23:34",SUNPHARMA,517706,563.1
95314,"2018-02-27 09:23:34",TATAMOTORS,660302,375.55
95312,"2018-02-27 09:23:34",VEDL,365531,343.25
95318,"2018-02-27 09:23:35",RELCAPITAL,223739,484.4
95317,"2018-02-27 09:23:35",RELIANCE,363597,946.9
95321,"2018-02-27 09:23:36",LT,168359,1348.65
95323,"2018-02-27 09:23:36",RELCAPITAL,224028,484.5
95319,"2018-02-27 09:23:36",RELIANCE,366397,947
95320,"2018-02-27 09:23:36",SUNPHARMA,518366,563.2
95322,"2018-02-27 09:23:36",TCS,64792,3055
95330,"2018-02-27 09:23:37",BPCL,389292,434.3
95329,"2018-02-27 09:23:37",LT,168419,1348.7
95325,"2018-02-27 09:23:37",MARUTI,69587,9068
95328,"2018-02-27 09:23:37",RELIANCE,366697,947
95327,"2018-02-27 09:23:37",SUNPHARMA,518941,563.1
95324,"2018-02-27 09:23:37",TATAMOTORS,660442,375.55
95326,"2018-02-27 09:23:37",VEDL,366882,343.3
95333,"2018-02-27 09:23:38",LT,168529,1348.6
95334,"2018-02-27 09:23:38",MARUTI,69688,9070.05
95336,"2018-02-27 09:23:38",RELIANCE,369002,946.6
95337,"2018-02-27 09:23:38",SUNPHARMA,520702,563.4
95331,"2018-02-27 09:23:38",TATAMOTORS,660952,375.7
95335,"2018-02-27 09:23:38",TCS,65201,3055
95332,"2018-02-27 09:23:38",VEDL,366982,343.3
95338,"2018-02-27 09:23:39",BPCL,389488,434.2
95341,"2018-02-27 09:23:39",MARUTI,69714,9070.05
95339,"2018-02-27 09:23:39",RELCAPITAL,224306,484.5
95340,"2018-02-27 09:23:39",VEDL,369257,343.15
95344,"2018-02-27 09:23:40",BPCL,390046,434.25
95345,"2018-02-27 09:23:40",LT,168579,1348.6
95346,"2018-02-27 09:23:40",MARUTI,69741,9070
95350,"2018-02-27 09:23:40",MARUTI,69867,9070
95347,"2018-02-27 09:23:40",RELIANCE,370023,947
95348,"2018-02-27 09:23:40",SUNPHARMA,521401,563.2
95349,"2018-02-27 09:23:40",TATAMOTORS,661331,375.7
95342,"2018-02-27 09:23:40",TCS,65228,3054.15
95343,"2018-02-27 09:23:40",VEDL,370310,343.3
95354,"2018-02-27 09:23:41",RELCAPITAL,224476,484.8
95351,"2018-02-27 09:23:41",RELIANCE,370744,947
95352,"2018-02-27 09:23:41",SUNPHARMA,522796,563
95353,"2018-02-27 09:23:41",VEDL,371619,343.15
95359,"2018-02-27 09:23:42",BPCL,390354,434.2
95357,"2018-02-27 09:23:42",MARUTI,69964,9072.1
95355,"2018-02-27 09:23:42",RELIANCE,371129,947
95356,"2018-02-27 09:23:42",SUNPHARMA,523808,562.7
95358,"2018-02-27 09:23:42",TCS,65508,3054.75
95362,"2018-02-27 09:23:43",LT,168699,1349
95361,"2018-02-27 09:23:43",MARUTI,70015,9070
95364,"2018-02-27 09:23:43",RELIANCE,373230,947.4
95365,"2018-02-27 09:23:43",SUNPHARMA,525303,562.8
95360,"2018-02-27 09:23:43",TATAMOTORS,662117,375.7
95363,"2018-02-27 09:23:43",TCS,65608,3054.75
95369,"2018-02-27 09:23:44",BPCL,391001,434.2
95368,"2018-02-27 09:23:44",RELIANCE,373333,947.5
95366,"2018-02-27 09:23:44",SUNPHARMA,525959,563
95367,"2018-02-27 09:23:44",TATAMOTORS,663282,375.75
95372,"2018-02-27 09:23:45",BPCL,391105,434.2
95373,"2018-02-27 09:23:45",LT,168749,1349
95374,"2018-02-27 09:23:45",MARUTI,70115,9073
95375,"2018-02-27 09:23:45",RELIANCE,373591,947.4
95370,"2018-02-27 09:23:45",SUNPHARMA,526314,562.8
95371,"2018-02-27 09:23:45",VEDL,371989,343.15
95376,"2018-02-27 09:23:46",LT,168946,1349
95381,"2018-02-27 09:23:46",MARUTI,70131,9070.55
95377,"2018-02-27 09:23:46",RELCAPITAL,224582,484.65
95379,"2018-02-27 09:23:46",RELIANCE,374986,947.5
95380,"2018-02-27 09:23:46",SUNPHARMA,526753,563
95378,"2018-02-27 09:23:46",TATAMOTORS,665462,375.5
95382,"2018-02-27 09:23:46",TCS,65688,3054.6
95386,"2018-02-27 09:23:47",BPCL,391519,434.2
95387,"2018-02-27 09:23:47",MARUTI,70311,9070
95384,"2018-02-27 09:23:47",SUNPHARMA,528423,562.8
95383,"2018-02-27 09:23:47",TATAMOTORS,665880,375.7
95385,"2018-02-27 09:23:47",TCS,65961,3055.65
95388,"2018-02-27 09:23:48",LT,169149,1349.7
95389,"2018-02-27 09:23:48",SUNPHARMA,528645,562.9
95390,"2018-02-27 09:23:48",VEDL,372239,343.25
95392,"2018-02-27 09:23:49",LT,169349,1349
95393,"2018-02-27 09:23:49",RELIANCE,375221,947.5
95394,"2018-02-27 09:23:49",SUNPHARMA,529295,563
95395,"2018-02-27 09:23:49",TATAMOTORS,666045,375.7
95391,"2018-02-27 09:23:49",TCS,66161,3054.75
95397,"2018-02-27 09:23:50",RELIANCE,375298,947.4
95398,"2018-02-27 09:23:50",SUNPHARMA,533796,563
95399,"2018-02-27 09:23:50",TATAMOTORS,671080,375.75
95396,"2018-02-27 09:23:50",TCS,66246,3055.1
95403,"2018-02-27 09:23:51",LT,169459,1349.7
95401,"2018-02-27 09:23:51",MARUTI,70467,9073
95400,"2018-02-27 09:23:51",SUNPHARMA,534996,563.35
95402,"2018-02-27 09:23:51",VEDL,372319,343.25
95405,"2018-02-27 09:23:52",BPCL,391667,434.2
95408,"2018-02-27 09:23:52",LT,169762,1349.4
95409,"2018-02-27 09:23:52",MARUTI,70518,9070.55
95406,"2018-02-27 09:23:52",RELCAPITAL,225635,485
95404,"2018-02-27 09:23:52",SUNPHARMA,535379,563
95410,"2018-02-27 09:23:52",TATAMOTORS,672657,375.7
95407,"2018-02-27 09:23:52",TCS,66501,3055.05
95413,"2018-02-27 09:23:53",MARUTI,70651,9070.7
95414,"2018-02-27 09:23:53",RELCAPITAL,226260,485
95411,"2018-02-27 09:23:53",RELIANCE,376753,947.5
95412,"2018-02-27 09:23:53",SUNPHARMA,536621,563.35
95415,"2018-02-27 09:23:53",VEDL,372434,343.25
95419,"2018-02-27 09:23:54",BPCL,391996,434.2
95418,"2018-02-27 09:23:54",LT,169853,1349.35
95420,"2018-02-27 09:23:54",RELCAPITAL,226315,485
95416,"2018-02-27 09:23:54",RELIANCE,377867,947.4
95417,"2018-02-27 09:23:54",SUNPHARMA,537830,563
95424,"2018-02-27 09:23:55",LT,169953,1349.7
95426,"2018-02-27 09:23:55",RELCAPITAL,226373,485
95421,"2018-02-27 09:23:55",RELIANCE,378420,947.45
95422,"2018-02-27 09:23:55",SUNPHARMA,539447,563.25
95423,"2018-02-27 09:23:55",TATAMOTORS,672857,375.7
95425,"2018-02-27 09:23:55",TATAMOTORS,673618,375.7
95427,"2018-02-27 09:23:55",TCS,66563,3055
95429,"2018-02-27 09:23:56",MARUTI,70755,9070
95432,"2018-02-27 09:23:56",RELIANCE,378546,947.4
95433,"2018-02-27 09:23:56",SUNPHARMA,540143,563.4
95430,"2018-02-27 09:23:56",TATAMOTORS,674669,375.75
95431,"2018-02-27 09:23:56",TCS,66578,3055
95428,"2018-02-27 09:23:56",VEDL,372987,343.25
95435,"2018-02-27 09:23:57",RELIANCE,378681,947
95436,"2018-02-27 09:23:57",SUNPHARMA,540715,563
95434,"2018-02-27 09:23:57",TATAMOTORS,674877,375.7
95438,"2018-02-27 09:23:58",BPCL,392109,434.2
95437,"2018-02-27 09:23:58",RELCAPITAL,226607,485.05
95439,"2018-02-27 09:23:58",RELIANCE,384206,947.75
95440,"2018-02-27 09:23:58",SUNPHARMA,541442,562.9
95441,"2018-02-27 09:23:58",TATAMOTORS,675081,375.75
95443,"2018-02-27 09:23:59",LT,170398,1349.3
95444,"2018-02-27 09:23:59",MARUTI,70875,9070.6
95442,"2018-02-27 09:23:59",RELCAPITAL,227107,485.25
95445,"2018-02-27 09:23:59",SUNPHARMA,541987,563
95446,"2018-02-27 09:23:59",TATAMOTORS,675766,375.7
95451,"2018-02-27 09:24:00",RELCAPITAL,227207,485
95447,"2018-02-27 09:24:00",RELIANCE,384691,947.15
95448,"2018-02-27 09:24:00",SUNPHARMA,542237,563
95450,"2018-02-27 09:24:00",TATAMOTORS,676476,375.8
95449,"2018-02-27 09:24:00",VEDL,373232,343.15
95456,"2018-02-27 09:24:01",BPCL,392629,434.25
95452,"2018-02-27 09:24:01",LT,170508,1349.3
95453,"2018-02-27 09:24:01",MARUTI,70897,9070.55
95457,"2018-02-27 09:24:01",RELCAPITAL,227407,485
95454,"2018-02-27 09:24:01",RELIANCE,385498,947.6
95455,"2018-02-27 09:24:01",SUNPHARMA,542351,563.25
95460,"2018-02-27 09:24:02",BPCL,393202,434.2
95461,"2018-02-27 09:24:02",LT,170714,1349.35
95459,"2018-02-27 09:24:02",MARUTI,70936,9071
95462,"2018-02-27 09:24:02",RELCAPITAL,228407,485.4
95463,"2018-02-27 09:24:02",RELIANCE,385748,947.15
95458,"2018-02-27 09:24:02",SUNPHARMA,542661,563
95464,"2018-02-27 09:24:02",TATAMOTORS,676936,375.7
95465,"2018-02-27 09:24:03",MARUTI,70977,9071
95467,"2018-02-27 09:24:03",RELIANCE,386093,947.35
95468,"2018-02-27 09:24:03",SUNPHARMA,543266,563
95469,"2018-02-27 09:24:03",TCS,66594,3055
95466,"2018-02-27 09:24:03",VEDL,373522,343.15
95471,"2018-02-27 09:24:04",LT,171613,1349.5
95472,"2018-02-27 09:24:04",RELCAPITAL,228492,485.4
95470,"2018-02-27 09:24:04",RELIANCE,386243,947.4
95474,"2018-02-27 09:24:04",SUNPHARMA,543392,563.1
95473,"2018-02-27 09:24:04",TCS,66674,3055
95476,"2018-02-27 09:24:05",SUNPHARMA,544168,563
95475,"2018-02-27 09:24:05",VEDL,373959,343.15
95481,"2018-02-27 09:24:06",LT,171909,1349
95477,"2018-02-27 09:24:06",MARUTI,71063,9071.05
95479,"2018-02-27 09:24:06",RELIANCE,389425,947.4
95480,"2018-02-27 09:24:06",TATAMOTORS,677498,375.7
95478,"2018-02-27 09:24:06",TCS,66978,3055.1
95482,"2018-02-27 09:24:06",VEDL,374059,343.15
95486,"2018-02-27 09:24:07",BPCL,393357,434.2
95487,"2018-02-27 09:24:07",LT,172029,1349.5
95484,"2018-02-27 09:24:07",RELCAPITAL,228662,485
95483,"2018-02-27 09:24:07",SUNPHARMA,544721,563
95488,"2018-02-27 09:24:07",TATAMOTORS,677640,375.8
95485,"2018-02-27 09:24:07",TCS,67238,3055.35
95491,"2018-02-27 09:24:08",RELCAPITAL,229862,485.45
95490,"2018-02-27 09:24:08",RELIANCE,390533,947.2
95489,"2018-02-27 09:24:08",SUNPHARMA,546308,563.05
95492,"2018-02-27 09:24:08",VEDL,374366,343.2
95493,"2018-02-27 09:24:09",BPCL,393875,434.15
95496,"2018-02-27 09:24:09",RELCAPITAL,230862,485.5
95494,"2018-02-27 09:24:09",RELIANCE,390982,947.7
95498,"2018-02-27 09:24:09",SUNPHARMA,548415,562.9
95495,"2018-02-27 09:24:09",TATAMOTORS,678646,375.8
95497,"2018-02-27 09:24:09",TCS,67552,3055.35
95500,"2018-02-27 09:24:10",LT,172159,1349.45
95499,"2018-02-27 09:24:10",TATAMOTORS,678944,375.75
95501,"2018-02-27 09:24:10",TCS,67662,3055.3
95502,"2018-02-27 09:24:11",RELCAPITAL,231617,485
95503,"2018-02-27 09:24:11",RELIANCE,391682,947.35
95504,"2018-02-27 09:24:11",SUNPHARMA,550455,562.65
95505,"2018-02-27 09:24:11",TATAMOTORS,680383,375.9
95506,"2018-02-27 09:24:11",VEDL,374605,343.15
95510,"2018-02-27 09:24:12",LT,172310,1349.3
95509,"2018-02-27 09:24:12",MARUTI,71382,9074
95507,"2018-02-27 09:24:12",RELCAPITAL,231717,485.25
95508,"2018-02-27 09:24:12",SUNPHARMA,550835,562.8
95516,"2018-02-27 09:24:13",BPCL,395194,434.2
95517,"2018-02-27 09:24:13",MARUTI,71612,9074
95513,"2018-02-27 09:24:13",RELIANCE,392563,947.5
95514,"2018-02-27 09:24:13",SUNPHARMA,551641,562.85
95515,"2018-02-27 09:24:13",TATAMOTORS,680594,375.8
95511,"2018-02-27 09:24:13",TCS,67910,3055.2
95512,"2018-02-27 09:24:13",VEDL,375145,343.2
95520,"2018-02-27 09:24:14",BPCL,395629,434.2
95521,"2018-02-27 09:24:14",MARUTI,71673,9074
95522,"2018-02-27 09:24:14",RELCAPITAL,232674,485.25
95518,"2018-02-27 09:24:14",RELIANCE,393518,947.5
95519,"2018-02-27 09:24:14",SUNPHARMA,552066,562.95
95524,"2018-02-27 09:24:15",MARUTI,71749,9074
95523,"2018-02-27 09:24:15",SUNPHARMA,552312,562.65
95528,"2018-02-27 09:24:16",MARUTI,71872,9074
95529,"2018-02-27 09:24:16",RELCAPITAL,235325,484.3
95525,"2018-02-27 09:24:16",RELIANCE,393695,947.7
95526,"2018-02-27 09:24:16",SUNPHARMA,553107,562.6
95527,"2018-02-27 09:24:16",TATAMOTORS,680813,375.8
95530,"2018-02-27 09:24:16",TCS,67991,3055.85
95532,"2018-02-27 09:24:17",LT,172394,1349.7
95535,"2018-02-27 09:24:17",RELCAPITAL,235425,484.6
95533,"2018-02-27 09:24:17",RELIANCE,394777,947.5
95534,"2018-02-27 09:24:17",SUNPHARMA,554126,562.8
95531,"2018-02-27 09:24:17",VEDL,375662,343.15
95537,"2018-02-27 09:24:18",MARUTI,71909,9074.5
95538,"2018-02-27 09:24:18",RELCAPITAL,235525,484.6
95540,"2018-02-27 09:24:18",RELIANCE,394879,947.4
95541,"2018-02-27 09:24:18",SUNPHARMA,554626,562.65
95539,"2018-02-27 09:24:18",TATAMOTORS,681353,375.75
95536,"2018-02-27 09:24:18",VEDL,376230,343.25
95544,"2018-02-27 09:24:19",BPCL,395750,434.35
95542,"2018-02-27 09:24:19",MARUTI,72069,9074
95546,"2018-02-27 09:24:19",SUNPHARMA,555426,562.5
95543,"2018-02-27 09:24:19",TATAMOTORS,681658,375.7
95545,"2018-02-27 09:24:19",VEDL,377293,343.15
95548,"2018-02-27 09:24:20",LT,172434,1349.6
95549,"2018-02-27 09:24:20",MARUTI,72106,9074.5
95547,"2018-02-27 09:24:20",RELCAPITAL,236800,484.95
95551,"2018-02-27 09:24:20",RELIANCE,395374,947.5
95550,"2018-02-27 09:24:20",TATAMOTORS,681978,375.8
95553,"2018-02-27 09:24:21",LT,172509,1349.9
95555,"2018-02-27 09:24:21",MARUTI,72126,9074.5
95552,"2018-02-27 09:24:21",RELCAPITAL,236900,485
95554,"2018-02-27 09:24:21",SUNPHARMA,555829,562.85
95557,"2018-02-27 09:24:21",TATAMOTORS,682368,375.8
95556,"2018-02-27 09:24:21",VEDL,377399,343.15
95558,"2018-02-27 09:24:22",RELIANCE,396024,947.7
95559,"2018-02-27 09:24:22",SUNPHARMA,556339,562.85
95560,"2018-02-27 09:24:22",TATAMOTORS,682861,375.8
95562,"2018-02-27 09:24:23",RELCAPITAL,236950,485.1
95561,"2018-02-27 09:24:23",SUNPHARMA,556472,562.65
95563,"2018-02-27 09:24:23",VEDL,386163,343.4
95564,"2018-02-27 09:24:24",LT,172809,1350
95565,"2018-02-27 09:24:24",MARUTI,72252,9074.5
95568,"2018-02-27 09:24:24",RELCAPITAL,237000,485
95566,"2018-02-27 09:24:24",RELIANCE,396239,947.7
95567,"2018-02-27 09:24:24",SUNPHARMA,556772,562.65
95569,"2018-02-27 09:24:24",VEDL,386263,343.25
95570,"2018-02-27 09:24:25",BPCL,395939,434.25
95573,"2018-02-27 09:24:25",LT,172926,1350
95571,"2018-02-27 09:24:25",RELCAPITAL,237050,485.25
95574,"2018-02-27 09:24:25",RELIANCE,396334,947.7
95575,"2018-02-27 09:24:25",SUNPHARMA,557014,562.7
95572,"2018-02-27 09:24:25",TATAMOTORS,683036,375.8
95580,"2018-02-27 09:24:26",BPCL,397684,434.25
95581,"2018-02-27 09:24:26",MARUTI,72295,9074.5
95576,"2018-02-27 09:24:26",RELCAPITAL,237200,485.4
95577,"2018-02-27 09:24:26",RELIANCE,409794,947.7
95578,"2018-02-27 09:24:26",SUNPHARMA,558194,562.7
95579,"2018-02-27 09:24:26",TATAMOTORS,684406,375.9
95588,"2018-02-27 09:24:27",BPCL,398063,434.2
95586,"2018-02-27 09:24:27",MARUTI,72401,9075
95584,"2018-02-27 09:24:27",RELCAPITAL,237406,485.4
95582,"2018-02-27 09:24:27",RELIANCE,415295,947.85
95585,"2018-02-27 09:24:27",SUNPHARMA,558495,562.5
95583,"2018-02-27 09:24:27",TATAMOTORS,684756,375.75
95587,"2018-02-27 09:24:27",VEDL,386691,343.25
95594,"2018-02-27 09:24:28",BPCL,398599,434.2
95591,"2018-02-27 09:24:28",LT,173250,1350
95595,"2018-02-27 09:24:28",RELCAPITAL,238706,485.15
95589,"2018-02-27 09:24:28",RELIANCE,438760,948.9
95592,"2018-02-27 09:24:28",SUNPHARMA,559120,562.35
95593,"2018-02-27 09:24:28",TATAMOTORS,685286,375.9
95590,"2018-02-27 09:24:28",TCS,68013,3056.85
95599,"2018-02-27 09:24:29",LT,174067,1350
95596,"2018-02-27 09:24:29",MARUTI,72430,9075
95597,"2018-02-27 09:24:29",RELCAPITAL,238756,484.8
95600,"2018-02-27 09:24:29",RELIANCE,465989,949.5
95598,"2018-02-27 09:24:29",TCS,68251,3056.65
95604,"2018-02-27 09:24:30",BPCL,398865,434.2
95601,"2018-02-27 09:24:30",LT,174208,1350
95606,"2018-02-27 09:24:30",RELIANCE,490576,950
95603,"2018-02-27 09:24:30",SUNPHARMA,559901,562.8
95605,"2018-02-27 09:24:30",TCS,68644,3055.1
95602,"2018-02-27 09:24:30",VEDL,386841,343.4
95614,"2018-02-27 09:24:31",BPCL,399285,434.2
95609,"2018-02-27 09:24:31",MARUTI,72618,9075
95610,"2018-02-27 09:24:31",RELCAPITAL,238906,484.8
95611,"2018-02-27 09:24:31",RELIANCE,520784,950
95612,"2018-02-27 09:24:31",SUNPHARMA,560225,562.6
95607,"2018-02-27 09:24:31",TATAMOTORS,685501,375.9
95613,"2018-02-27 09:24:31",TCS,68688,3055.1
95608,"2018-02-27 09:24:31",VEDL,387333,343.3
95615,"2018-02-27 09:24:32",SUNPHARMA,561891,562.75
95616,"2018-02-27 09:24:32",VEDL,388319,343.4
95622,"2018-02-27 09:24:33",BPCL,399965,434.2
95623,"2018-02-27 09:24:33",LT,174300,1350
95624,"2018-02-27 09:24:33",MARUTI,72869,9074.6
95618,"2018-02-27 09:24:33",RELCAPITAL,239227,485
95617,"2018-02-27 09:24:33",RELIANCE,534263,950.2
95621,"2018-02-27 09:24:33",TATAMOTORS,688792,375.9
95619,"2018-02-27 09:24:33",TCS,68844,3055
95620,"2018-02-27 09:24:33",VEDL,388419,343.4
95625,"2018-02-27 09:24:34",BPCL,400413,434.2
95630,"2018-02-27 09:24:34",LT,175087,1350
95631,"2018-02-27 09:24:34",MARUTI,72931,9076.9
95626,"2018-02-27 09:24:34",RELCAPITAL,239427,485.1
95628,"2018-02-27 09:24:34",SUNPHARMA,564507,562.25
95629,"2018-02-27 09:24:34",TATAMOTORS,689624,375.9
95627,"2018-02-27 09:24:34",VEDL,389144,343.5
95634,"2018-02-27 09:24:35",RELCAPITAL,239477,485
95632,"2018-02-27 09:24:35",RELIANCE,542971,950.4
95635,"2018-02-27 09:24:35",SUNPHARMA,564895,562.8
95636,"2018-02-27 09:24:35",TATAMOTORS,690574,375.9
95633,"2018-02-27 09:24:35",TCS,68886,3054.35
95640,"2018-02-27 09:24:36",BPCL,400505,434.2
95637,"2018-02-27 09:24:36",LT,175137,1349.95
95638,"2018-02-27 09:24:36",MARUTI,73000,9076.95
95642,"2018-02-27 09:24:36",RELIANCE,547577,950
95641,"2018-02-27 09:24:36",SUNPHARMA,565055,562.8
95643,"2018-02-27 09:24:36",TCS,68906,3055
95639,"2018-02-27 09:24:36",VEDL,389362,343.4
95644,"2018-02-27 09:24:37",MARUTI,73070,9076.9
95645,"2018-02-27 09:24:37",RELCAPITAL,239977,484.7
95647,"2018-02-27 09:24:37",RELCAPITAL,240347,485
95649,"2018-02-27 09:24:37",RELIANCE,552571,950.25
95650,"2018-02-27 09:24:37",SUNPHARMA,565903,562.85
95646,"2018-02-27 09:24:37",TATAMOTORS,691424,375.9
95648,"2018-02-27 09:24:37",VEDL,389962,343.4
95652,"2018-02-27 09:24:38",BPCL,400645,434.2
95651,"2018-02-27 09:24:38",TATAMOTORS,691629,375.95
95658,"2018-02-27 09:24:39",LT,176126,1350
95653,"2018-02-27 09:24:39",MARUTI,73194,9077
95654,"2018-02-27 09:24:39",RELCAPITAL,240597,485
95655,"2018-02-27 09:24:39",RELIANCE,567435,949.8
95656,"2018-02-27 09:24:39",SUNPHARMA,566166,562.35
95657,"2018-02-27 09:24:39",TATAMOTORS,693816,376
95662,"2018-02-27 09:24:40",MARUTI,73247,9074.6
95659,"2018-02-27 09:24:40",RELCAPITAL,240697,485.25
95661,"2018-02-27 09:24:40",RELIANCE,569935,950
95664,"2018-02-27 09:24:40",SUNPHARMA,566975,562.45
95665,"2018-02-27 09:24:40",TATAMOTORS,694016,375.95
95660,"2018-02-27 09:24:40",TCS,68995,3054.35
95663,"2018-02-27 09:24:40",VEDL,390586,343.4
95670,"2018-02-27 09:24:41",MARUTI,73267,9077
95667,"2018-02-27 09:24:41",RELCAPITAL,240897,485
95666,"2018-02-27 09:24:41",RELIANCE,573031,950.25
95668,"2018-02-27 09:24:41",TATAMOTORS,695531,375.95
95669,"2018-02-27 09:24:41",VEDL,391113,343.4
95674,"2018-02-27 09:24:42",BPCL,407193,434.05
95675,"2018-02-27 09:24:42",RELCAPITAL,241214,485.2
95672,"2018-02-27 09:24:42",RELIANCE,573715,950.05
95673,"2018-02-27 09:24:42",SUNPHARMA,567288,562.3
95676,"2018-02-27 09:24:42",TATAMOTORS,696917,375.9
95671,"2018-02-27 09:24:42",TCS,69051,3054.35
95683,"2018-02-27 09:24:43",BPCL,407344,433.95
95677,"2018-02-27 09:24:43",LT,176949,1350.05
95678,"2018-02-27 09:24:43",MARUTI,73345,9078
95682,"2018-02-27 09:24:43",RELIANCE,574946,950.1
95680,"2018-02-27 09:24:43",SUNPHARMA,568611,562.5
95681,"2018-02-27 09:24:43",TATAMOTORS,697718,375.9
95679,"2018-02-27 09:24:43",VEDL,391329,343.4
95687,"2018-02-27 09:24:44",BPCL,407754,433.8
95688,"2018-02-27 09:24:44",LT,177778,1350
95684,"2018-02-27 09:24:44",RELCAPITAL,243776,485.5
95685,"2018-02-27 09:24:44",RELIANCE,578370,950.35
95686,"2018-02-27 09:24:44",SUNPHARMA,570438,562.65
95689,"2018-02-27 09:24:44",VEDL,394669,343.5
95692,"2018-02-27 09:24:45",BPCL,410358,433.8
95693,"2018-02-27 09:24:45",LT,178215,1349.9
95691,"2018-02-27 09:24:45",MARUTI,73363,9076.05
95690,"2018-02-27 09:24:45",SUNPHARMA,570958,562.7
95697,"2018-02-27 09:24:46",LT,178315,1349.9
95698,"2018-02-27 09:24:46",MARUTI,73417,9078
95694,"2018-02-27 09:24:46",RELCAPITAL,248146,485.7
95695,"2018-02-27 09:24:46",RELIANCE,579928,950.35
95700,"2018-02-27 09:24:46",SUNPHARMA,572778,562.25
95696,"2018-02-27 09:24:46",TATAMOTORS,698698,375.8
95699,"2018-02-27 09:24:46",VEDL,394857,343.45
95701,"2018-02-27 09:24:47",RELIANCE,580498,950.25
95702,"2018-02-27 09:24:47",SUNPHARMA,574139,562.15
95703,"2018-02-27 09:24:47",TATAMOTORS,700025,375.9
95704,"2018-02-27 09:24:48",MARUTI,73447,9076
95706,"2018-02-27 09:24:48",RELCAPITAL,248800,485.85
95705,"2018-02-27 09:24:48",RELIANCE,583322,950.7
95707,"2018-02-27 09:24:48",TATAMOTORS,705340,375.9
95710,"2018-02-27 09:24:49",LT,178877,1349.95
95711,"2018-02-27 09:24:49",RELCAPITAL,249150,485.85
95708,"2018-02-27 09:24:49",RELIANCE,586203,950.9
95709,"2018-02-27 09:24:49",SUNPHARMA,574538,562.55
95713,"2018-02-27 09:24:50",MARUTI,73562,9078.9
95714,"2018-02-27 09:24:50",RELIANCE,588763,950.35
95712,"2018-02-27 09:24:50",SUNPHARMA,574889,562.6
95715,"2018-02-27 09:24:50",TATAMOTORS,705495,375.8
95718,"2018-02-27 09:24:51",BPCL,410575,433.8
95721,"2018-02-27 09:24:51",LT,178981,1350.1
95719,"2018-02-27 09:24:51",MARUTI,73596,9077
95720,"2018-02-27 09:24:51",RELCAPITAL,249250,485.85
95723,"2018-02-27 09:24:51",RELIANCE,591896,950.1
95716,"2018-02-27 09:24:51",SUNPHARMA,578349,562.05
95722,"2018-02-27 09:24:51",TCS,69556,3056
95717,"2018-02-27 09:24:51",VEDL,395126,343.45
95724,"2018-02-27 09:24:52",MARUTI,73644,9078.85
95727,"2018-02-27 09:24:52",RELIANCE,595896,950.9
95726,"2018-02-27 09:24:52",SUNPHARMA,578704,562.2
95725,"2018-02-27 09:24:52",TATAMOTORS,706520,375.85
95728,"2018-02-27 09:24:52",TCS,69611,3055.85
95729,"2018-02-27 09:24:53",RELCAPITAL,249477,485.85
95731,"2018-02-27 09:24:53",TATAMOTORS,707100,375.9
95730,"2018-02-27 09:24:53",VEDL,395713,343.45
95734,"2018-02-27 09:24:54",BPCL,410690,433.8
95737,"2018-02-27 09:24:54",MARUTI,73719,9078
95732,"2018-02-27 09:24:54",RELCAPITAL,250904,486.05
95735,"2018-02-27 09:24:54",RELIANCE,597104,950.7
95736,"2018-02-27 09:24:54",TATAMOTORS,707601,375.8
95733,"2018-02-27 09:24:54",TCS,69806,3054.95
95741,"2018-02-27 09:24:55",BPCL,410786,433.8
95742,"2018-02-27 09:24:55",RELCAPITAL,250989,486.05
95738,"2018-02-27 09:24:55",RELIANCE,598607,950.65
95739,"2018-02-27 09:24:55",SUNPHARMA,578999,562.25
95743,"2018-02-27 09:24:55",TATAMOTORS,707771,375.9
95740,"2018-02-27 09:24:55",TCS,69826,3056.25
95745,"2018-02-27 09:24:56",BPCL,410955,433.95
95744,"2018-02-27 09:24:56",LT,180558,1349.1
95746,"2018-02-27 09:24:56",RELCAPITAL,251084,486.2
95747,"2018-02-27 09:24:56",RELIANCE,599129,950.5
95748,"2018-02-27 09:24:56",TATAMOTORS,708219,375.8
95750,"2018-02-27 09:24:57",MARUTI,73812,9078.9
95751,"2018-02-27 09:24:57",RELIANCE,601137,950.1
95749,"2018-02-27 09:24:57",SUNPHARMA,579384,562.25
95756,"2018-02-27 09:24:58",BPCL,411416,433.95
95755,"2018-02-27 09:24:58",LT,180742,1349.65
95753,"2018-02-27 09:24:58",MARUTI,73892,9079.9
95758,"2018-02-27 09:24:58",RELIANCE,601532,950.6
95757,"2018-02-27 09:24:58",SUNPHARMA,579516,562.3
95752,"2018-02-27 09:24:58",TATAMOTORS,708634,375.75
95754,"2018-02-27 09:24:58",VEDL,395962,343.4
95762,"2018-02-27 09:24:59",BPCL,411890,433.95
95763,"2018-02-27 09:24:59",LT,181792,1348.65
95764,"2018-02-27 09:24:59",MARUTI,73953,9080
95760,"2018-02-27 09:24:59",RELCAPITAL,251501,485.7
95761,"2018-02-27 09:24:59",RELIANCE,602392,950.6
95759,"2018-02-27 09:24:59",TATAMOTORS,711119,375.85
95767,"2018-02-27 09:25:00",BPCL,412090,433.85
95768,"2018-02-27 09:25:00",LT,182012,1348.9
95765,"2018-02-27 09:25:00",RELCAPITAL,251686,485.7
95766,"2018-02-27 09:25:00",RELIANCE,602592,950.6
95769,"2018-02-27 09:25:00",SUNPHARMA,579641,562.5
95771,"2018-02-27 09:25:01",LT,182165,1348.9
95772,"2018-02-27 09:25:01",MARUTI,74067,9080
95773,"2018-02-27 09:25:01",RELCAPITAL,251786,485.7
95774,"2018-02-27 09:25:01",SUNPHARMA,581175,562.25
95775,"2018-02-27 09:25:01",TATAMOTORS,711279,375.9
95770,"2018-02-27 09:25:01",VEDL,397290,343.45
95777,"2018-02-27 09:25:02",RELCAPITAL,253122,485
95776,"2018-02-27 09:25:02",RELIANCE,603809,950
95784,"2018-02-27 09:25:03",BPCL,412370,433.95
95780,"2018-02-27 09:25:03",LT,182735,1348.35
95781,"2018-02-27 09:25:03",MARUTI,74087,9079.95
95783,"2018-02-27 09:25:03",RELCAPITAL,253391,485.35
95778,"2018-02-27 09:25:03",RELIANCE,605871,950.25
95779,"2018-02-27 09:25:03",SUNPHARMA,582356,562.25
95782,"2018-02-27 09:25:03",TATAMOTORS,711993,375.85
95789,"2018-02-27 09:25:04",BPCL,412572,434
95787,"2018-02-27 09:25:04",LT,183147,1348.6
95788,"2018-02-27 09:25:04",MARUTI,74125,9079
95790,"2018-02-27 09:25:04",RELCAPITAL,254041,485.6
95785,"2018-02-27 09:25:04",RELIANCE,606141,950.5
95786,"2018-02-27 09:25:04",VEDL,397625,343.4
95792,"2018-02-27 09:25:05",BPCL,413000,434
95793,"2018-02-27 09:25:05",SUNPHARMA,582566,562.45
95791,"2018-02-27 09:25:05",TCS,69988,3055.85
95798,"2018-02-27 09:25:06",BPCL,413200,433.85
95799,"2018-02-27 09:25:06",LT,186041,1349.15
95800,"2018-02-27 09:25:06",MARUTI,74423,9080
95795,"2018-02-27 09:25:06",RELCAPITAL,254101,485.55
95796,"2018-02-27 09:25:06",RELIANCE,611303,950
95797,"2018-02-27 09:25:06",SUNPHARMA,582816,562.35
95794,"2018-02-27 09:25:06",TATAMOTORS,712295,375.85
95806,"2018-02-27 09:25:07",BPCL,414384,434
95807,"2018-02-27 09:25:07",MARUTI,74484,9080.05
95803,"2018-02-27 09:25:07",RELCAPITAL,254353,485.5
95802,"2018-02-27 09:25:07",RELIANCE,612458,950.05
95805,"2018-02-27 09:25:07",SUNPHARMA,587640,562.3
95801,"2018-02-27 09:25:07",TATAMOTORS,713139,375.8
95804,"2018-02-27 09:25:07",VEDL,397745,343.4
95809,"2018-02-27 09:25:08",BPCL,414655,434
95810,"2018-02-27 09:25:08",RELCAPITAL,254408,485.5
95808,"2018-02-27 09:25:08",RELIANCE,612768,950.3
95811,"2018-02-27 09:25:08",TATAMOTORS,714363,375.75
95818,"2018-02-27 09:25:09",BPCL,415015,434
95816,"2018-02-27 09:25:09",MARUTI,74679,9078.65
95819,"2018-02-27 09:25:09",RELCAPITAL,254485,485.45
95812,"2018-02-27 09:25:09",RELIANCE,614576,950.45
95813,"2018-02-27 09:25:09",SUNPHARMA,587792,562.5
95817,"2018-02-27 09:25:09",TATAMOTORS,715120,375.8
95814,"2018-02-27 09:25:09",TCS,70043,3055.85
95815,"2018-02-27 09:25:09",VEDL,398532,343.5
95823,"2018-02-27 09:25:10",BPCL,415427,434
95821,"2018-02-27 09:25:10",MARUTI,74740,9080
95824,"2018-02-27 09:25:10",RELCAPITAL,254635,485.45
95822,"2018-02-27 09:25:10",RELIANCE,615022,950.25
95820,"2018-02-27 09:25:10",SUNPHARMA,588304,562.45
95825,"2018-02-27 09:25:10",TCS,70215,3054.35
95828,"2018-02-27 09:25:11",RELIANCE,615328,950.15
95829,"2018-02-27 09:25:11",SUNPHARMA,588649,562.45
95826,"2018-02-27 09:25:11",TCS,70235,3054.35
95827,"2018-02-27 09:25:11",VEDL,398995,343.4
95832,"2018-02-27 09:25:12",BPCL,415725,434
95833,"2018-02-27 09:25:12",RELIANCE,615984,950.25
95830,"2018-02-27 09:25:12",SUNPHARMA,589220,562.4
95831,"2018-02-27 09:25:12",TATAMOTORS,715420,375.9
