id,curr_time,symbol,volume,price
64335,"2018-02-26 09:14:59",INFY,0,1155.65
64336,"2018-02-26 09:14:59",JINDALSTEL,0,265
64337,"2018-02-26 09:14:59",LT,0,1301.7
64338,"2018-02-26 09:14:59",MARUTI,0,8698.8
64339,"2018-02-26 09:14:59",RELIANCE,0,934.25
64340,"2018-02-26 09:14:59",SUNPHARMA,0,569.65
64341,"2018-02-26 09:14:59",TATASTEEL,0,677.75
64342,"2018-02-26 09:14:59",TCS,0,3075.8
60858,"2018-02-26 09:16:11",INFY,24705,1152.6
60859,"2018-02-26 09:16:11",JINDALSTEL,161246,268.65
60860,"2018-02-26 09:16:11",LT,23887,1310
60861,"2018-02-26 09:16:11",MARUTI,8018,8760.1
60854,"2018-02-26 09:16:11",RELIANCE,91380,939.75
60855,"2018-02-26 09:16:11",SUNPHARMA,259449,561.1
60856,"2018-02-26 09:16:11",TATASTEEL,181687,687
60857,"2018-02-26 09:16:11",TCS,18798,3075.45
60863,"2018-02-26 09:16:12",INFY,24715,1152.5
60864,"2018-02-26 09:16:12",MARUTI,8063,8760.05
60865,"2018-02-26 09:16:12",RELIANCE,91859,939.7
60866,"2018-02-26 09:16:12",SUNPHARMA,262685,560.95
60867,"2018-02-26 09:16:12",TATASTEEL,184028,687.2
60862,"2018-02-26 09:16:12",TCS,18921,3075
60868,"2018-02-26 09:16:12",TCS,19505,3075
60869,"2018-02-26 09:16:13",JINDALSTEL,162844,268.6
60871,"2018-02-26 09:16:13",LT,24755,1309.7
60870,"2018-02-26 09:16:13",MARUTI,8092,8760.05
60872,"2018-02-26 09:16:13",RELIANCE,91933,939.9
60873,"2018-02-26 09:16:13",SUNPHARMA,264380,560.3
60879,"2018-02-26 09:16:14",INFY,24768,1152.65
60880,"2018-02-26 09:16:14",JINDALSTEL,168254,268.6
60881,"2018-02-26 09:16:14",MARUTI,8361,8760
60876,"2018-02-26 09:16:14",RELIANCE,94778,939.75
60877,"2018-02-26 09:16:14",SUNPHARMA,268089,560.6
60875,"2018-02-26 09:16:14",TATASTEEL,186199,687.2
60874,"2018-02-26 09:16:14",TCS,19709,3075.25
60878,"2018-02-26 09:16:14",TCS,20080,3075
60885,"2018-02-26 09:16:15",INFY,24807,1152.65
60883,"2018-02-26 09:16:15",LT,24825,1310.05
60884,"2018-02-26 09:16:15",MARUTI,8507,8760.05
60882,"2018-02-26 09:16:15",TATASTEEL,188056,687.5
60889,"2018-02-26 09:16:16",JINDALSTEL,169364,268.6
60890,"2018-02-26 09:16:16",LT,24958,1310.05
60891,"2018-02-26 09:16:16",MARUTI,8519,8760.05
60892,"2018-02-26 09:16:16",RELIANCE,95302,939.5
60886,"2018-02-26 09:16:16",SUNPHARMA,269394,560.6
60887,"2018-02-26 09:16:16",TATASTEEL,188987,687.3
60888,"2018-02-26 09:16:16",TCS,21606,3078.65
60893,"2018-02-26 09:16:17",JINDALSTEL,171139,268.75
60899,"2018-02-26 09:16:17",LT,25033,1309.85
60894,"2018-02-26 09:16:17",MARUTI,8811,8760.05
60895,"2018-02-26 09:16:17",RELIANCE,96397,939.9
60896,"2018-02-26 09:16:17",SUNPHARMA,273184,560.3
60897,"2018-02-26 09:16:17",TATASTEEL,191968,688
60898,"2018-02-26 09:16:17",TCS,21764,3077.2
60901,"2018-02-26 09:16:18",INFY,24964,1152.7
60902,"2018-02-26 09:16:18",JINDALSTEL,171790,268.65
60905,"2018-02-26 09:16:18",LT,25103,1309.8
60906,"2018-02-26 09:16:18",RELIANCE,97797,939.8
60900,"2018-02-26 09:16:18",SUNPHARMA,275434,560.55
60903,"2018-02-26 09:16:18",TATASTEEL,193196,688
60904,"2018-02-26 09:16:18",TCS,22170,3075.75
60910,"2018-02-26 09:16:19",INFY,25172,1152.55
60911,"2018-02-26 09:16:19",JINDALSTEL,175251,268.8
60907,"2018-02-26 09:16:19",MARUTI,9004,8760.05
60908,"2018-02-26 09:16:19",SUNPHARMA,278262,560.2
60909,"2018-02-26 09:16:19",TCS,22233,3075.6
60916,"2018-02-26 09:16:20",INFY,25188,1152.75
60917,"2018-02-26 09:16:20",JINDALSTEL,175401,268.85
60912,"2018-02-26 09:16:20",LT,25336,1309.85
60918,"2018-02-26 09:16:20",LT,25711,1310
60919,"2018-02-26 09:16:20",MARUTI,9109,8760.1
60913,"2018-02-26 09:16:20",RELIANCE,98841,939.55
60920,"2018-02-26 09:16:20",RELIANCE,99130,939.9
60921,"2018-02-26 09:16:20",SUNPHARMA,280416,560.45
60914,"2018-02-26 09:16:20",TATASTEEL,199143,688
60922,"2018-02-26 09:16:20",TATASTEEL,205759,688
60915,"2018-02-26 09:16:20",TCS,22287,3075.8
60925,"2018-02-26 09:16:21",INFY,25463,1152.5
60923,"2018-02-26 09:16:21",MARUTI,9129,8760.1
60924,"2018-02-26 09:16:21",SUNPHARMA,285438,560.05
60931,"2018-02-26 09:16:22",INFY,25488,1152.5
60932,"2018-02-26 09:16:22",JINDALSTEL,177433,268.9
60927,"2018-02-26 09:16:22",LT,26440,1309.55
60928,"2018-02-26 09:16:22",MARUTI,9132,8760.05
60929,"2018-02-26 09:16:22",RELIANCE,99331,939.95
60930,"2018-02-26 09:16:22",TATASTEEL,207422,688
60926,"2018-02-26 09:16:22",TCS,22292,3075.65
60935,"2018-02-26 09:16:23",INFY,25519,1152
60936,"2018-02-26 09:16:23",LT,26603,1309.8
60937,"2018-02-26 09:16:23",MARUTI,9134,8760.1
60938,"2018-02-26 09:16:23",RELIANCE,100448,939.65
60939,"2018-02-26 09:16:23",SUNPHARMA,289714,559.85
60940,"2018-02-26 09:16:23",SUNPHARMA,291954,559.85
60933,"2018-02-26 09:16:23",TATASTEEL,210655,688.5
60934,"2018-02-26 09:16:23",TCS,22557,3075.75
60944,"2018-02-26 09:16:24",INFY,25869,1152.7
60941,"2018-02-26 09:16:24",JINDALSTEL,178172,268.8
60945,"2018-02-26 09:16:24",LT,26647,1309.7
60942,"2018-02-26 09:16:24",TATASTEEL,214976,688.3
60943,"2018-02-26 09:16:24",TCS,22607,3075.45
60946,"2018-02-26 09:16:25",INFY,26295,1152.4
60947,"2018-02-26 09:16:25",JINDALSTEL,179305,268.8
60950,"2018-02-26 09:16:25",MARUTI,9254,8760.1
60951,"2018-02-26 09:16:25",RELIANCE,101412,939.85
60948,"2018-02-26 09:16:25",SUNPHARMA,294492,559.9
60949,"2018-02-26 09:16:25",TATASTEEL,225328,689.1
60957,"2018-02-26 09:16:26",INFY,26341,1152.3
60953,"2018-02-26 09:16:26",JINDALSTEL,180068,268.9
60956,"2018-02-26 09:16:26",MARUTI,9346,8760.05
60954,"2018-02-26 09:16:26",SUNPHARMA,299253,559.95
60955,"2018-02-26 09:16:26",TATASTEEL,226043,688.9
60952,"2018-02-26 09:16:26",TCS,22929,3075
60958,"2018-02-26 09:16:27",JINDALSTEL,181226,268.65
60961,"2018-02-26 09:16:27",JINDALSTEL,181709,268.65
60959,"2018-02-26 09:16:27",LT,26731,1309.65
60960,"2018-02-26 09:16:27",RELIANCE,102041,939.8
60962,"2018-02-26 09:16:27",TATASTEEL,233683,689.35
60966,"2018-02-26 09:16:28",INFY,26698,1152
60963,"2018-02-26 09:16:28",LT,26788,1309.7
60964,"2018-02-26 09:16:28",MARUTI,9348,8760.05
60965,"2018-02-26 09:16:28",RELIANCE,102937,939.9
60967,"2018-02-26 09:16:28",SUNPHARMA,310824,560.25
60968,"2018-02-26 09:16:28",TCS,23152,3075
60976,"2018-02-26 09:16:29",INFY,26885,1152
60977,"2018-02-26 09:16:29",JINDALSTEL,185854,268.9
60969,"2018-02-26 09:16:29",LT,26839,1309.7
60970,"2018-02-26 09:16:29",MARUTI,9414,8760
60971,"2018-02-26 09:16:29",RELIANCE,104552,939.95
60973,"2018-02-26 09:16:29",SUNPHARMA,316102,560
60972,"2018-02-26 09:16:29",TATASTEEL,251627,689.35
60974,"2018-02-26 09:16:29",TATASTEEL,255804,689.1
60975,"2018-02-26 09:16:29",TCS,23198,3075
60978,"2018-02-26 09:16:30",INFY,26893,1152
60981,"2018-02-26 09:16:30",JINDALSTEL,187259,269
60979,"2018-02-26 09:16:30",MARUTI,9590,8760
60982,"2018-02-26 09:16:30",RELIANCE,105430,940
60980,"2018-02-26 09:16:30",SUNPHARMA,318156,560
60983,"2018-02-26 09:16:31",INFY,27995,1152
60984,"2018-02-26 09:16:31",JINDALSTEL,187968,269
60985,"2018-02-26 09:16:31",MARUTI,9742,8760
60986,"2018-02-26 09:16:31",RELIANCE,105733,940
60987,"2018-02-26 09:16:31",TATASTEEL,265759,689
60988,"2018-02-26 09:16:31",TCS,23285,3075
60989,"2018-02-26 09:16:32",LT,26894,1309.65
60990,"2018-02-26 09:16:32",MARUTI,9768,8760
60991,"2018-02-26 09:16:32",RELIANCE,105833,940
60992,"2018-02-26 09:16:32",TATASTEEL,273829,689
60993,"2018-02-26 09:16:32",TCS,23392,3075
60994,"2018-02-26 09:16:33",INFY,28188,1152.1
61000,"2018-02-26 09:16:33",INFY,28305,1151.9
60995,"2018-02-26 09:16:33",JINDALSTEL,188618,268.95
61001,"2018-02-26 09:16:33",JINDALSTEL,191215,268.8
60996,"2018-02-26 09:16:33",LT,27525,1310.65
61002,"2018-02-26 09:16:33",LT,27647,1310
61003,"2018-02-26 09:16:33",MARUTI,9815,8760
61004,"2018-02-26 09:16:33",RELIANCE,106792,940
60997,"2018-02-26 09:16:33",SUNPHARMA,335152,559.95
60998,"2018-02-26 09:16:33",TATASTEEL,278256,689
60999,"2018-02-26 09:16:33",TCS,23509,3075
61008,"2018-02-26 09:16:34",MARUTI,9844,8760
61009,"2018-02-26 09:16:34",RELIANCE,108505,940
61005,"2018-02-26 09:16:34",SUNPHARMA,339247,559.4
61006,"2018-02-26 09:16:34",TATASTEEL,281433,689
61007,"2018-02-26 09:16:34",TCS,23532,3075
61010,"2018-02-26 09:16:35",INFY,28509,1151.1
61011,"2018-02-26 09:16:35",JINDALSTEL,192448,268.85
61012,"2018-02-26 09:16:35",LT,27819,1309.8
61016,"2018-02-26 09:16:35",MARUTI,9895,8759.95
61017,"2018-02-26 09:16:35",RELIANCE,108596,939.9
61013,"2018-02-26 09:16:35",SUNPHARMA,340761,559.95
61014,"2018-02-26 09:16:35",TATASTEEL,284738,689.35
61015,"2018-02-26 09:16:35",TCS,24116,3075
61019,"2018-02-26 09:16:36",INFY,28519,1151.05
61020,"2018-02-26 09:16:36",JINDALSTEL,193885,268.95
61021,"2018-02-26 09:16:36",LT,27854,1309.8
61024,"2018-02-26 09:16:36",MARUTI,9957,8760
61022,"2018-02-26 09:16:36",SUNPHARMA,342608,559.75
61023,"2018-02-26 09:16:36",TATASTEEL,288811,689.65
61018,"2018-02-26 09:16:36",TCS,25642,3075
61027,"2018-02-26 09:16:37",INFY,28971,1151.65
61028,"2018-02-26 09:16:37",JINDALSTEL,194216,268.95
61029,"2018-02-26 09:16:37",LT,28240,1310.45
61030,"2018-02-26 09:16:37",MARUTI,9997,8759.95
61031,"2018-02-26 09:16:37",RELIANCE,109102,940
61025,"2018-02-26 09:16:37",SUNPHARMA,345920,560
61032,"2018-02-26 09:16:37",TATASTEEL,292148,689.9
61026,"2018-02-26 09:16:37",TCS,25914,3075
61040,"2018-02-26 09:16:38",INFY,29222,1151
61034,"2018-02-26 09:16:38",JINDALSTEL,199013,269.15
61035,"2018-02-26 09:16:38",LT,28249,1310.4
61036,"2018-02-26 09:16:38",MARUTI,10026,8759.1
61037,"2018-02-26 09:16:38",RELIANCE,109222,940
61033,"2018-02-26 09:16:38",SUNPHARMA,346636,560.25
61038,"2018-02-26 09:16:38",TATASTEEL,292785,689.9
61039,"2018-02-26 09:16:38",TCS,27460,3075
61044,"2018-02-26 09:16:39",JINDALSTEL,204726,268.95
61041,"2018-02-26 09:16:39",MARUTI,10101,8759.1
61042,"2018-02-26 09:16:39",SUNPHARMA,353401,560.15
61043,"2018-02-26 09:16:39",TCS,27566,3073.7
61048,"2018-02-26 09:16:40",INFY,29322,1151.3
61049,"2018-02-26 09:16:40",JINDALSTEL,215566,269.25
61050,"2018-02-26 09:16:40",LT,28940,1310.4
61045,"2018-02-26 09:16:40",MARUTI,10183,8759.9
61046,"2018-02-26 09:16:40",RELIANCE,110086,940
61051,"2018-02-26 09:16:40",SUNPHARMA,357557,560.3
61047,"2018-02-26 09:16:40",TATASTEEL,294140,689.7
61054,"2018-02-26 09:16:41",INFY,29366,1151.05
61056,"2018-02-26 09:16:41",JINDALSTEL,221373,269.35
61057,"2018-02-26 09:16:41",LT,29140,1310.3
61055,"2018-02-26 09:16:41",MARUTI,10240,8759.8
61058,"2018-02-26 09:16:41",RELIANCE,110284,940.05
61052,"2018-02-26 09:16:41",TATASTEEL,301419,689.85
61053,"2018-02-26 09:16:41",TCS,27792,3072.1
61062,"2018-02-26 09:16:42",INFY,29838,1151
61065,"2018-02-26 09:16:42",JINDALSTEL,222652,269.4
61063,"2018-02-26 09:16:42",LT,29314,1310.35
61064,"2018-02-26 09:16:42",MARUTI,10287,8759.75
61059,"2018-02-26 09:16:42",SUNPHARMA,360031,560.9
61060,"2018-02-26 09:16:42",TATASTEEL,304040,689.8
61061,"2018-02-26 09:16:42",TCS,28011,3072.05
61070,"2018-02-26 09:16:43",INFY,30009,1151
61066,"2018-02-26 09:16:43",LT,29352,1310.15
61071,"2018-02-26 09:16:43",MARUTI,10307,8759.75
61072,"2018-02-26 09:16:43",RELIANCE,110367,940.05
61067,"2018-02-26 09:16:43",SUNPHARMA,364452,561.45
61068,"2018-02-26 09:16:43",TATASTEEL,310052,689.6
61069,"2018-02-26 09:16:43",TCS,28564,3072.05
61074,"2018-02-26 09:16:44",JINDALSTEL,224938,269.3
61075,"2018-02-26 09:16:44",LT,29537,1310.4
61078,"2018-02-26 09:16:44",MARUTI,10408,8759.75
61079,"2018-02-26 09:16:44",RELIANCE,111396,940
61076,"2018-02-26 09:16:44",SUNPHARMA,368671,561.25
61077,"2018-02-26 09:16:44",TATASTEEL,317113,689.6
61073,"2018-02-26 09:16:44",TCS,29975,3072.4
61080,"2018-02-26 09:16:45",INFY,30185,1151
61081,"2018-02-26 09:16:45",JINDALSTEL,227133,268.9
61082,"2018-02-26 09:16:45",LT,29605,1310.4
61084,"2018-02-26 09:16:45",MARUTI,10543,8759.2
61083,"2018-02-26 09:16:45",SUNPHARMA,371204,561.75
61085,"2018-02-26 09:16:45",TATASTEEL,324523,690.5
61086,"2018-02-26 09:16:45",TCS,29990,3072
61092,"2018-02-26 09:16:46",JINDALSTEL,227789,269.25
61087,"2018-02-26 09:16:46",LT,31054,1310.95
61088,"2018-02-26 09:16:46",MARUTI,10582,8759.2
61089,"2018-02-26 09:16:46",RELIANCE,112596,940.2
61090,"2018-02-26 09:16:46",SUNPHARMA,377996,560.8
61093,"2018-02-26 09:16:46",TATASTEEL,326679,690.05
61091,"2018-02-26 09:16:46",TCS,31303,3075
61098,"2018-02-26 09:16:47",INFY,30269,1151
61095,"2018-02-26 09:16:47",JINDALSTEL,228079,269.25
61096,"2018-02-26 09:16:47",LT,31315,1310.55
61099,"2018-02-26 09:16:47",MARUTI,10724,8759.25
61097,"2018-02-26 09:16:47",RELIANCE,113078,940.05
61100,"2018-02-26 09:16:47",SUNPHARMA,380313,561.3
61094,"2018-02-26 09:16:47",TATASTEEL,326941,690.05
61101,"2018-02-26 09:16:47",TATASTEEL,328098,690.2
61102,"2018-02-26 09:16:47",TCS,31386,3075.05
61107,"2018-02-26 09:16:48",JINDALSTEL,231096,269.3
61103,"2018-02-26 09:16:48",RELIANCE,114158,940.05
61104,"2018-02-26 09:16:48",SUNPHARMA,381131,561.5
61105,"2018-02-26 09:16:48",TATASTEEL,330598,690.05
61106,"2018-02-26 09:16:48",TCS,31859,3075
61111,"2018-02-26 09:16:49",INFY,30475,1151.05
61108,"2018-02-26 09:16:49",JINDALSTEL,234754,269
61112,"2018-02-26 09:16:49",LT,32147,1310.55
61109,"2018-02-26 09:16:49",MARUTI,10774,8759.25
61110,"2018-02-26 09:16:49",RELIANCE,114235,940.15
61113,"2018-02-26 09:16:49",SUNPHARMA,383106,561.3
61117,"2018-02-26 09:16:50",INFY,30491,1151
61118,"2018-02-26 09:16:50",JINDALSTEL,235875,269.25
61119,"2018-02-26 09:16:50",LT,32291,1310.45
61114,"2018-02-26 09:16:50",MARUTI,10884,8759.25
61115,"2018-02-26 09:16:50",RELIANCE,115084,940.25
61116,"2018-02-26 09:16:50",TATASTEEL,334980,690
61122,"2018-02-26 09:16:51",INFY,31421,1151
61125,"2018-02-26 09:16:51",JINDALSTEL,237065,269.15
61126,"2018-02-26 09:16:51",LT,32418,1310.3
61123,"2018-02-26 09:16:51",MARUTI,10939,8759.25
61124,"2018-02-26 09:16:51",SUNPHARMA,385946,561.95
61120,"2018-02-26 09:16:51",TATASTEEL,336851,690.05
61121,"2018-02-26 09:16:51",TCS,32096,3072.4
61130,"2018-02-26 09:16:52",INFY,31820,1150.85
61131,"2018-02-26 09:16:52",MARUTI,10982,8759.3
61127,"2018-02-26 09:16:52",RELIANCE,115184,940.3
61128,"2018-02-26 09:16:52",SUNPHARMA,387262,561.8
61129,"2018-02-26 09:16:52",TATASTEEL,338373,690.4
61134,"2018-02-26 09:16:53",INFY,31864,1150.7
61135,"2018-02-26 09:16:53",JINDALSTEL,237351,269.1
61136,"2018-02-26 09:16:53",LT,32506,1310.2
61132,"2018-02-26 09:16:53",MARUTI,11043,8759.3
61133,"2018-02-26 09:16:53",SUNPHARMA,388617,561.85
61137,"2018-02-26 09:16:53",TATASTEEL,342952,690.1
61138,"2018-02-26 09:16:53",TCS,32148,3072.1
61139,"2018-02-26 09:16:54",INFY,32043,1150.55
61140,"2018-02-26 09:16:54",JINDALSTEL,240246,269
61141,"2018-02-26 09:16:54",MARUTI,11122,8759.3
61145,"2018-02-26 09:16:54",RELIANCE,116418,940.9
61142,"2018-02-26 09:16:54",SUNPHARMA,391048,562.1
61143,"2018-02-26 09:16:54",TATASTEEL,344587,690.3
61144,"2018-02-26 09:16:54",TCS,32237,3072.8
61146,"2018-02-26 09:16:55",INFY,32363,1150.3
61148,"2018-02-26 09:16:55",LT,32810,1310.45
61147,"2018-02-26 09:16:55",MARUTI,11161,8759.3
61149,"2018-02-26 09:16:55",RELIANCE,116468,940.8
61150,"2018-02-26 09:16:55",SUNPHARMA,392524,562.3
61155,"2018-02-26 09:16:56",INFY,32462,1150.3
61153,"2018-02-26 09:16:56",JINDALSTEL,240864,269.05
61156,"2018-02-26 09:16:56",LT,32919,1310.05
61157,"2018-02-26 09:16:56",MARUTI,11204,8759.4
61154,"2018-02-26 09:16:56",RELIANCE,116951,940.4
61151,"2018-02-26 09:16:56",TATASTEEL,348722,690.3
61152,"2018-02-26 09:16:56",TCS,32702,3075.15
61159,"2018-02-26 09:16:57",JINDALSTEL,241079,269.05
61160,"2018-02-26 09:16:57",SUNPHARMA,396519,561.9
61161,"2018-02-26 09:16:57",TATASTEEL,352100,690.2
61158,"2018-02-26 09:16:57",TCS,32843,3075.2
61168,"2018-02-26 09:16:58",INFY,32568,1150.65
61163,"2018-02-26 09:16:58",JINDALSTEL,242579,269.1
61164,"2018-02-26 09:16:58",LT,33041,1310.1
61167,"2018-02-26 09:16:58",MARUTI,11312,8759.5
61165,"2018-02-26 09:16:58",RELIANCE,117323,940.35
61166,"2018-02-26 09:16:58",SUNPHARMA,398491,561.7
61162,"2018-02-26 09:16:58",TATASTEEL,356011,690
61169,"2018-02-26 09:16:59",INFY,32629,1150.5
61170,"2018-02-26 09:16:59",JINDALSTEL,244551,269.1
61171,"2018-02-26 09:16:59",LT,33071,1310.05
61175,"2018-02-26 09:16:59",MARUTI,11344,8759.45
61172,"2018-02-26 09:16:59",RELIANCE,117511,940.75
61173,"2018-02-26 09:16:59",SUNPHARMA,400744,562.65
61174,"2018-02-26 09:16:59",TATASTEEL,360718,690.15
61176,"2018-02-26 09:17:00",INFY,32911,1150.75
61181,"2018-02-26 09:17:00",JINDALSTEL,247651,269
61177,"2018-02-26 09:17:00",LT,33091,1309.75
61178,"2018-02-26 09:17:00",RELIANCE,118264,940.75
61179,"2018-02-26 09:17:00",SUNPHARMA,403045,562.05
61180,"2018-02-26 09:17:00",TCS,32905,3073
61186,"2018-02-26 09:17:01",INFY,32962,1150.75
61187,"2018-02-26 09:17:01",JINDALSTEL,247953,269
61182,"2018-02-26 09:17:01",LT,33099,1309.8
61183,"2018-02-26 09:17:01",MARUTI,11394,8759.55
61184,"2018-02-26 09:17:01",RELIANCE,118709,940.55
61185,"2018-02-26 09:17:01",TATASTEEL,370403,690.1
61193,"2018-02-26 09:17:03",INFY,32975,1150.5
61194,"2018-02-26 09:17:03",JINDALSTEL,250155,269
61196,"2018-02-26 09:17:03",JINDALSTEL,251055,269
61191,"2018-02-26 09:17:03",LT,33249,1310.05
61200,"2018-02-26 09:17:03",LT,33263,1309.85
61192,"2018-02-26 09:17:03",MARUTI,11413,8759.55
61197,"2018-02-26 09:17:03",MARUTI,11575,8759.6
61198,"2018-02-26 09:17:03",RELIANCE,119231,940.7
61188,"2018-02-26 09:17:03",SUNPHARMA,407910,562.3
61195,"2018-02-26 09:17:03",SUNPHARMA,410918,562.65
61189,"2018-02-26 09:17:03",TATASTEEL,376295,689.85
61199,"2018-02-26 09:17:03",TATASTEEL,381330,689.85
61190,"2018-02-26 09:17:03",TCS,33179,3072.45
61207,"2018-02-26 09:17:04",INFY,33661,1150.7
61202,"2018-02-26 09:17:04",JINDALSTEL,252548,269
61203,"2018-02-26 09:17:04",MARUTI,11605,8759.75
61204,"2018-02-26 09:17:04",RELIANCE,120391,940.7
61205,"2018-02-26 09:17:04",SUNPHARMA,412830,562.8
61206,"2018-02-26 09:17:04",TATASTEEL,385834,689.3
61201,"2018-02-26 09:17:04",TCS,33200,3071.55
61211,"2018-02-26 09:17:05",INFY,33710,1150.5
61208,"2018-02-26 09:17:05",JINDALSTEL,252695,269.05
61209,"2018-02-26 09:17:05",MARUTI,11648,8759.7
61212,"2018-02-26 09:17:05",RELIANCE,120561,940.7
61213,"2018-02-26 09:17:05",SUNPHARMA,422309,563.15
61210,"2018-02-26 09:17:05",TATASTEEL,385984,689.75
61214,"2018-02-26 09:17:05",TCS,33414,3072.35
61216,"2018-02-26 09:17:06",INFY,36778,1150.5
61217,"2018-02-26 09:17:06",MARUTI,11856,8759.9
61218,"2018-02-26 09:17:06",RELIANCE,121555,940.6
61215,"2018-02-26 09:17:06",TATASTEEL,390072,689.5
61223,"2018-02-26 09:17:07",INFY,38501,1150.5
61224,"2018-02-26 09:17:07",JINDALSTEL,264486,268.95
61219,"2018-02-26 09:17:07",LT,33787,1310.15
61225,"2018-02-26 09:17:07",MARUTI,11978,8759.75
61220,"2018-02-26 09:17:07",SUNPHARMA,427786,563.25
61221,"2018-02-26 09:17:07",TATASTEEL,393790,689.35
61222,"2018-02-26 09:17:07",TCS,33449,3072.75
61231,"2018-02-26 09:17:08",INFY,38691,1150.5
61232,"2018-02-26 09:17:08",JINDALSTEL,266191,269.1
61229,"2018-02-26 09:17:08",LT,33798,1309.85
61230,"2018-02-26 09:17:08",MARUTI,11983,8760
61233,"2018-02-26 09:17:08",MARUTI,11988,8760
61226,"2018-02-26 09:17:08",RELIANCE,121593,940.75
61227,"2018-02-26 09:17:08",SUNPHARMA,430467,563.65
61234,"2018-02-26 09:17:08",TATASTEEL,397075,689.25
61228,"2018-02-26 09:17:08",TCS,33486,3072.75
61239,"2018-02-26 09:17:09",INFY,39585,1150.5
61240,"2018-02-26 09:17:09",JINDALSTEL,272075,269
61235,"2018-02-26 09:17:09",RELIANCE,122166,940.75
61236,"2018-02-26 09:17:09",SUNPHARMA,432269,563.4
61237,"2018-02-26 09:17:09",TATASTEEL,403540,689.25
61238,"2018-02-26 09:17:09",TCS,33521,3072.5
61245,"2018-02-26 09:17:10",INFY,40153,1150.15
61241,"2018-02-26 09:17:10",LT,33854,1309.85
61242,"2018-02-26 09:17:10",MARUTI,12019,8761
61243,"2018-02-26 09:17:10",RELIANCE,122597,940.8
61246,"2018-02-26 09:17:10",SUNPHARMA,436602,563.5
61244,"2018-02-26 09:17:10",TCS,33624,3072.75
61251,"2018-02-26 09:17:11",INFY,40414,1150.15
61254,"2018-02-26 09:17:11",INFY,42521,1150.55
61252,"2018-02-26 09:17:11",JINDALSTEL,272812,269.1
61253,"2018-02-26 09:17:11",LT,33916,1309.8
61247,"2018-02-26 09:17:11",RELIANCE,122798,940.55
61248,"2018-02-26 09:17:11",SUNPHARMA,436737,563.95
61249,"2018-02-26 09:17:11",TATASTEEL,406578,688.65
61250,"2018-02-26 09:17:11",TCS,33679,3072.7
61257,"2018-02-26 09:17:12",JINDALSTEL,273286,269
61258,"2018-02-26 09:17:12",LT,34042,1310.25
61259,"2018-02-26 09:17:12",MARUTI,12068,8761
61260,"2018-02-26 09:17:12",SUNPHARMA,437998,563.55
61255,"2018-02-26 09:17:12",TATASTEEL,408244,689.2
61256,"2018-02-26 09:17:12",TCS,33760,3073.05
61262,"2018-02-26 09:17:13",INFY,43526,1150
61268,"2018-02-26 09:17:13",JINDALSTEL,275479,269
61269,"2018-02-26 09:17:13",LT,34211,1310.45
61263,"2018-02-26 09:17:13",MARUTI,12137,8760
61261,"2018-02-26 09:17:13",RELIANCE,127141,940.8
61264,"2018-02-26 09:17:13",RELIANCE,127787,940.75
61265,"2018-02-26 09:17:13",SUNPHARMA,440055,564
61266,"2018-02-26 09:17:13",TATASTEEL,414519,688.85
61267,"2018-02-26 09:17:13",TCS,33922,3072.95
61273,"2018-02-26 09:17:14",INFY,44347,1150.65
61274,"2018-02-26 09:17:14",JINDALSTEL,275983,269
61275,"2018-02-26 09:17:14",LT,34664,1310
61270,"2018-02-26 09:17:14",MARUTI,12141,8760
61271,"2018-02-26 09:17:14",RELIANCE,127889,940.75
61272,"2018-02-26 09:17:14",SUNPHARMA,441730,563.8
61276,"2018-02-26 09:17:14",TATASTEEL,416028,688.9
61277,"2018-02-26 09:17:14",TCS,33942,3073.4
61278,"2018-02-26 09:17:15",INFY,46442,1150.1
61279,"2018-02-26 09:17:15",JINDALSTEL,276533,269.05
61280,"2018-02-26 09:17:15",MARUTI,12193,8760
61282,"2018-02-26 09:17:15",RELIANCE,129178,940.85
61281,"2018-02-26 09:17:15",SUNPHARMA,446039,564
61283,"2018-02-26 09:17:15",TATASTEEL,417276,688.35
61284,"2018-02-26 09:17:15",TCS,33973,3073.4
61286,"2018-02-26 09:17:16",INFY,46743,1149.75
61287,"2018-02-26 09:17:16",JINDALSTEL,277754,269.15
61290,"2018-02-26 09:17:16",LT,34690,1310.1
61288,"2018-02-26 09:17:16",MARUTI,12270,8760
61285,"2018-02-26 09:17:16",RELIANCE,129637,941
61289,"2018-02-26 09:17:16",SUNPHARMA,448104,564
61295,"2018-02-26 09:17:17",INFY,46772,1149.75
61291,"2018-02-26 09:17:17",JINDALSTEL,280972,269.1
61296,"2018-02-26 09:17:17",LT,34901,1310.4
61292,"2018-02-26 09:17:17",MARUTI,12355,8760
61297,"2018-02-26 09:17:17",RELIANCE,129909,940.85
61293,"2018-02-26 09:17:17",SUNPHARMA,448286,563.95
61294,"2018-02-26 09:17:17",TATASTEEL,428605,689
61305,"2018-02-26 09:17:18",INFY,47042,1149.75
61299,"2018-02-26 09:17:18",JINDALSTEL,281072,269.1
61303,"2018-02-26 09:17:18",LT,36101,1310
61300,"2018-02-26 09:17:18",MARUTI,12404,8760.85
61304,"2018-02-26 09:17:18",RELIANCE,131177,941.05
61301,"2018-02-26 09:17:18",SUNPHARMA,449243,564
61302,"2018-02-26 09:17:18",TATASTEEL,436054,688.75
61298,"2018-02-26 09:17:18",TCS,34128,3074.35
61308,"2018-02-26 09:17:19",INFY,47447,1149.6
61309,"2018-02-26 09:17:19",JINDALSTEL,283209,269.1
61310,"2018-02-26 09:17:19",LT,36196,1309.75
61313,"2018-02-26 09:17:19",MARUTI,12460,8760
61312,"2018-02-26 09:17:19",RELIANCE,132489,941.2
61311,"2018-02-26 09:17:19",SUNPHARMA,450234,563.9
61306,"2018-02-26 09:17:19",TATASTEEL,438109,688.35
61307,"2018-02-26 09:17:19",TCS,34139,3074.35
61318,"2018-02-26 09:17:20",INFY,48324,1149.6
61316,"2018-02-26 09:17:20",JINDALSTEL,287690,268.8
61319,"2018-02-26 09:17:20",RELIANCE,132539,941.25
61314,"2018-02-26 09:17:20",SUNPHARMA,452141,564.25
61317,"2018-02-26 09:17:20",TATASTEEL,438750,688.35
61315,"2018-02-26 09:17:20",TCS,34168,3074.35
61320,"2018-02-26 09:17:21",JINDALSTEL,289558,269
61321,"2018-02-26 09:17:21",LT,36374,1310.25
61324,"2018-02-26 09:17:21",MARUTI,12467,8760
61322,"2018-02-26 09:17:21",SUNPHARMA,455092,564.35
61323,"2018-02-26 09:17:21",TATASTEEL,440155,688.35
61329,"2018-02-26 09:17:22",INFY,48891,1150
61330,"2018-02-26 09:17:22",JINDALSTEL,292015,269
61331,"2018-02-26 09:17:22",LT,38041,1311
61325,"2018-02-26 09:17:22",RELIANCE,133073,941.35
61326,"2018-02-26 09:17:22",SUNPHARMA,455811,564.3
61327,"2018-02-26 09:17:22",TATASTEEL,440942,688.4
61328,"2018-02-26 09:17:22",TCS,34288,3074.9
61336,"2018-02-26 09:17:23",INFY,49056,1149.8
61339,"2018-02-26 09:17:23",JINDALSTEL,293810,269.1
61337,"2018-02-26 09:17:23",LT,38204,1311
61338,"2018-02-26 09:17:23",MARUTI,12521,8760
61332,"2018-02-26 09:17:23",RELIANCE,134266,941.3
61333,"2018-02-26 09:17:23",SUNPHARMA,456301,564.7
61334,"2018-02-26 09:17:23",TATASTEEL,445905,688.65
61335,"2018-02-26 09:17:23",TCS,34299,3074.5
61342,"2018-02-26 09:17:24",INFY,49111,1149.45
61344,"2018-02-26 09:17:24",JINDALSTEL,294210,269
61343,"2018-02-26 09:17:24",SUNPHARMA,458286,564.3
61340,"2018-02-26 09:17:24",TATASTEEL,446836,688.55
61341,"2018-02-26 09:17:24",TCS,34499,3075
61348,"2018-02-26 09:17:25",INFY,49764,1149.5
61349,"2018-02-26 09:17:25",LT,38790,1310.5
61350,"2018-02-26 09:17:25",RELIANCE,136044,941.25
61345,"2018-02-26 09:17:25",SUNPHARMA,461056,564.55
61346,"2018-02-26 09:17:25",TATASTEEL,448187,688
61347,"2018-02-26 09:17:25",TCS,34664,3075.05
61357,"2018-02-26 09:17:26",INFY,49786,1149.55
61351,"2018-02-26 09:17:26",JINDALSTEL,295969,269.2
61352,"2018-02-26 09:17:26",LT,38808,1310.4
61358,"2018-02-26 09:17:26",MARUTI,12562,8760.5
61353,"2018-02-26 09:17:26",RELIANCE,136104,941.3
61354,"2018-02-26 09:17:26",SUNPHARMA,462407,565
61355,"2018-02-26 09:17:26",TATASTEEL,449130,688.25
61356,"2018-02-26 09:17:26",TCS,35183,3075
61365,"2018-02-26 09:17:27",INFY,51266,1149.95
61359,"2018-02-26 09:17:27",JINDALSTEL,296804,269.25
61360,"2018-02-26 09:17:27",LT,38835,1310.45
61361,"2018-02-26 09:17:27",MARUTI,12692,8760
61362,"2018-02-26 09:17:27",SUNPHARMA,463022,565
61363,"2018-02-26 09:17:27",TATASTEEL,451146,688.25
61364,"2018-02-26 09:17:27",TCS,35318,3075
61366,"2018-02-26 09:17:28",JINDALSTEL,296904,269.25
61367,"2018-02-26 09:17:28",LT,38993,1310.45
61368,"2018-02-26 09:17:28",MARUTI,12709,8760
61369,"2018-02-26 09:17:28",RELIANCE,138304,940.75
61370,"2018-02-26 09:17:28",SUNPHARMA,464306,565.1
61371,"2018-02-26 09:17:28",TCS,35528,3074.95
61375,"2018-02-26 09:17:29",INFY,51776,1149.65
61377,"2018-02-26 09:17:29",JINDALSTEL,297589,269.1
61376,"2018-02-26 09:17:29",LT,39528,1311
61372,"2018-02-26 09:17:29",MARUTI,12714,8760
61373,"2018-02-26 09:17:29",RELIANCE,138825,941
61378,"2018-02-26 09:17:29",SUNPHARMA,466559,564.8
61374,"2018-02-26 09:17:29",TATASTEEL,452824,688
61379,"2018-02-26 09:17:29",TATASTEEL,453835,688.35
61380,"2018-02-26 09:17:29",TCS,35625,3073.05
61381,"2018-02-26 09:17:30",INFY,51916,1149.8
61382,"2018-02-26 09:17:30",MARUTI,12789,8760.45
61383,"2018-02-26 09:17:30",RELIANCE,140495,941.3
61384,"2018-02-26 09:17:30",SUNPHARMA,466736,565.25
61385,"2018-02-26 09:17:30",TATASTEEL,455265,688.2
61386,"2018-02-26 09:17:30",TCS,35754,3073
61388,"2018-02-26 09:17:31",INFY,52056,1149.9
61391,"2018-02-26 09:17:31",JINDALSTEL,299113,269.25
61392,"2018-02-26 09:17:31",LT,40340,1310.4
61389,"2018-02-26 09:17:31",MARUTI,12830,8760
61393,"2018-02-26 09:17:31",RELIANCE,140578,941.3
61390,"2018-02-26 09:17:31",SUNPHARMA,469224,565.3
61387,"2018-02-26 09:17:31",TCS,35769,3072
61396,"2018-02-26 09:17:32",INFY,52173,1149.9
61397,"2018-02-26 09:17:32",LT,40394,1310
61398,"2018-02-26 09:17:32",MARUTI,12851,8760
61399,"2018-02-26 09:17:32",SUNPHARMA,470965,565.65
61394,"2018-02-26 09:17:32",TATASTEEL,456650,688.25
61395,"2018-02-26 09:17:32",TCS,35795,3072.15
61403,"2018-02-26 09:17:33",INFY,55518,1151.4
61400,"2018-02-26 09:17:33",JINDALSTEL,299325,269.35
61404,"2018-02-26 09:17:33",MARUTI,12863,8760
61401,"2018-02-26 09:17:33",SUNPHARMA,471838,565.6
61402,"2018-02-26 09:17:33",TCS,35811,3072
61408,"2018-02-26 09:17:34",JINDALSTEL,300073,269.35
61405,"2018-02-26 09:17:34",LT,41156,1310.45
61406,"2018-02-26 09:17:34",RELIANCE,141391,941.4
61407,"2018-02-26 09:17:34",TATASTEEL,457506,688.25
61415,"2018-02-26 09:17:35",INFY,56130,1150.55
61416,"2018-02-26 09:17:35",INFY,56438,1149.95
61409,"2018-02-26 09:17:35",LT,41230,1310
61410,"2018-02-26 09:17:35",MARUTI,12889,8760.25
61411,"2018-02-26 09:17:35",RELIANCE,142356,941.15
61412,"2018-02-26 09:17:35",SUNPHARMA,472722,565.8
61417,"2018-02-26 09:17:35",SUNPHARMA,474092,565.5
61413,"2018-02-26 09:17:35",TATASTEEL,462323,688.4
61414,"2018-02-26 09:17:35",TCS,35862,3072
61418,"2018-02-26 09:17:35",TCS,35935,3072.4
61423,"2018-02-26 09:17:36",INFY,56499,1150.1
61420,"2018-02-26 09:17:36",JINDALSTEL,302399,269.5
61424,"2018-02-26 09:17:36",LT,41317,1310.4
61421,"2018-02-26 09:17:36",MARUTI,13029,8760.45
61422,"2018-02-26 09:17:36",RELIANCE,142863,941.1
61425,"2018-02-26 09:17:36",SUNPHARMA,475880,565.7
61419,"2018-02-26 09:17:36",TATASTEEL,465443,688.45
61428,"2018-02-26 09:17:37",LT,41441,1310.1
61429,"2018-02-26 09:17:37",MARUTI,13091,8760.15
61430,"2018-02-26 09:17:37",RELIANCE,143387,941.5
61426,"2018-02-26 09:17:37",TATASTEEL,466015,688.95
61427,"2018-02-26 09:17:37",TCS,35953,3072.75
61431,"2018-02-26 09:17:38",INFY,56617,1149.95
61432,"2018-02-26 09:17:38",JINDALSTEL,304795,269.4
61433,"2018-02-26 09:17:38",LT,41541,1310.05
61438,"2018-02-26 09:17:38",LT,41672,1310.45
61436,"2018-02-26 09:17:38",MARUTI,13110,8760.15
61437,"2018-02-26 09:17:38",RELIANCE,143540,941.3
61434,"2018-02-26 09:17:38",SUNPHARMA,476796,565.6
61435,"2018-02-26 09:17:38",TATASTEEL,466850,688.55
61442,"2018-02-26 09:17:39",INFY,57129,1149.85
61443,"2018-02-26 09:17:39",JINDALSTEL,305262,269.5
61439,"2018-02-26 09:17:39",SUNPHARMA,479802,565.7
61440,"2018-02-26 09:17:39",TATASTEEL,470121,689.1
61441,"2018-02-26 09:17:39",TCS,35997,3072.75
61444,"2018-02-26 09:17:40",INFY,57220,1150.35
61445,"2018-02-26 09:17:40",JINDALSTEL,307722,269.7
61446,"2018-02-26 09:17:40",LT,41904,1310.05
61451,"2018-02-26 09:17:40",MARUTI,13489,8761
61447,"2018-02-26 09:17:40",RELIANCE,144015,941.65
61452,"2018-02-26 09:17:40",RELIANCE,147325,941.55
61448,"2018-02-26 09:17:40",SUNPHARMA,480995,566.15
61449,"2018-02-26 09:17:40",TATASTEEL,472388,689.1
61450,"2018-02-26 09:17:40",TCS,36504,3071.5
61455,"2018-02-26 09:17:41",LT,41969,1310.3
61457,"2018-02-26 09:17:41",MARUTI,13547,8760.15
61453,"2018-02-26 09:17:41",SUNPHARMA,486701,566.65
61456,"2018-02-26 09:17:41",TATASTEEL,473730,688.75
61454,"2018-02-26 09:17:41",TCS,36512,3071.65
61458,"2018-02-26 09:17:42",INFY,57510,1150.3
61459,"2018-02-26 09:17:42",JINDALSTEL,318235,269.85
61460,"2018-02-26 09:17:42",LT,42028,1310.3
61461,"2018-02-26 09:17:42",RELIANCE,148771,941.6
61462,"2018-02-26 09:17:42",SUNPHARMA,487931,566.25
61463,"2018-02-26 09:17:42",TATASTEEL,474579,688.9
61464,"2018-02-26 09:17:42",TCS,36566,3070.6
61467,"2018-02-26 09:17:43",INFY,58685,1150.55
61468,"2018-02-26 09:17:43",JINDALSTEL,322727,269.75
61469,"2018-02-26 09:17:43",LT,42056,1310.3
61470,"2018-02-26 09:17:43",MARUTI,13552,8758.05
61471,"2018-02-26 09:17:43",RELIANCE,149658,941.8
61465,"2018-02-26 09:17:43",SUNPHARMA,489022,566.6
61472,"2018-02-26 09:17:43",TATASTEEL,475273,688.9
61466,"2018-02-26 09:17:43",TCS,36670,3070.55
61473,"2018-02-26 09:17:44",INFY,58723,1150.2
61474,"2018-02-26 09:17:44",JINDALSTEL,335971,270.1
61475,"2018-02-26 09:17:44",LT,42106,1310.3
61476,"2018-02-26 09:17:44",MARUTI,13581,8759.55
61482,"2018-02-26 09:17:44",MARUTI,13586,8758.2
61477,"2018-02-26 09:17:44",RELIANCE,150074,942
61479,"2018-02-26 09:17:44",SUNPHARMA,498239,566.9
61478,"2018-02-26 09:17:44",TATASTEEL,476290,689.25
61480,"2018-02-26 09:17:44",TATASTEEL,477714,688.95
61481,"2018-02-26 09:17:44",TCS,36717,3070.6
61484,"2018-02-26 09:17:45",INFY,58746,1150.3
61485,"2018-02-26 09:17:45",JINDALSTEL,337947,270.3
61483,"2018-02-26 09:17:45",RELIANCE,150389,942
61486,"2018-02-26 09:17:45",SUNPHARMA,499977,567.2
61487,"2018-02-26 09:17:45",TATASTEEL,481139,689.05
61488,"2018-02-26 09:17:45",TCS,36767,3070.6
61489,"2018-02-26 09:17:46",INFY,58761,1150.45
61490,"2018-02-26 09:17:46",JINDALSTEL,340073,270
61491,"2018-02-26 09:17:46",LT,42202,1310.1
61492,"2018-02-26 09:17:46",RELIANCE,151756,942.2
61493,"2018-02-26 09:17:46",SUNPHARMA,503787,566.95
61498,"2018-02-26 09:17:47",INFY,59672,1150.45
61494,"2018-02-26 09:17:47",JINDALSTEL,341667,270
61499,"2018-02-26 09:17:47",LT,42259,1310.1
61495,"2018-02-26 09:17:47",MARUTI,13614,8759.45
61496,"2018-02-26 09:17:47",RELIANCE,151978,942.2
61500,"2018-02-26 09:17:47",SUNPHARMA,504073,566.8
61497,"2018-02-26 09:17:47",TATASTEEL,481361,689.05
61501,"2018-02-26 09:17:47",TATASTEEL,482112,689.35
61502,"2018-02-26 09:17:47",TCS,36985,3070.05
61504,"2018-02-26 09:17:48",JINDALSTEL,343010,270.2
61503,"2018-02-26 09:17:48",MARUTI,13624,8759.5
61505,"2018-02-26 09:17:48",SUNPHARMA,506216,566.65
61506,"2018-02-26 09:17:48",TATASTEEL,483397,688.95
61507,"2018-02-26 09:17:48",TCS,37152,3070.2
61512,"2018-02-26 09:17:49",INFY,59740,1150.45
61508,"2018-02-26 09:17:49",JINDALSTEL,343260,270.2
61509,"2018-02-26 09:17:49",LT,42330,1310.1
61510,"2018-02-26 09:17:49",RELIANCE,153908,942.2
61511,"2018-02-26 09:17:49",SUNPHARMA,512862,567.2
61517,"2018-02-26 09:17:50",INFY,59975,1150.95
61518,"2018-02-26 09:17:50",LT,42642,1310.1
61515,"2018-02-26 09:17:50",RELIANCE,156770,942.25
61516,"2018-02-26 09:17:50",SUNPHARMA,516194,567.05
61513,"2018-02-26 09:17:50",TATASTEEL,484652,689.05
61514,"2018-02-26 09:17:50",TCS,37171,3070
61521,"2018-02-26 09:17:51",JINDALSTEL,345071,270.1
61522,"2018-02-26 09:17:51",RELIANCE,156975,942.25
61519,"2018-02-26 09:17:51",TATASTEEL,485685,689
61520,"2018-02-26 09:17:51",TCS,37188,3069.55
61528,"2018-02-26 09:17:52",INFY,60061,1150.95
61523,"2018-02-26 09:17:52",JINDALSTEL,346876,270.15
61529,"2018-02-26 09:17:52",LT,43122,1311
61524,"2018-02-26 09:17:52",MARUTI,13628,8759.4
61530,"2018-02-26 09:17:52",RELIANCE,157088,942.25
61525,"2018-02-26 09:17:52",SUNPHARMA,517153,567.1
61526,"2018-02-26 09:17:52",TATASTEEL,486644,689.15
61527,"2018-02-26 09:17:52",TCS,37279,3069.65
61531,"2018-02-26 09:17:53",INFY,60077,1150.95
61535,"2018-02-26 09:17:53",JINDALSTEL,350283,270.15
61536,"2018-02-26 09:17:53",LT,43312,1311
61532,"2018-02-26 09:17:53",SUNPHARMA,518480,567.5
61533,"2018-02-26 09:17:53",TATASTEEL,488251,689.5
61534,"2018-02-26 09:17:53",TCS,37287,3069.65
61540,"2018-02-26 09:17:54",INFY,60285,1151.55
61541,"2018-02-26 09:17:54",JINDALSTEL,351583,270.25
61542,"2018-02-26 09:17:54",LT,43380,1311
61537,"2018-02-26 09:17:54",SUNPHARMA,519886,567.2
61538,"2018-02-26 09:17:54",TATASTEEL,497080,689.1
61539,"2018-02-26 09:17:54",TCS,37312,3069.6
61546,"2018-02-26 09:17:55",JINDALSTEL,353018,270
61547,"2018-02-26 09:17:55",MARUTI,13675,8759.35
61548,"2018-02-26 09:17:55",RELIANCE,160594,942.65
61543,"2018-02-26 09:17:55",SUNPHARMA,520391,567.15
61544,"2018-02-26 09:17:55",TATASTEEL,498153,689.2
61545,"2018-02-26 09:17:55",TCS,37363,3069
61550,"2018-02-26 09:17:56",JINDALSTEL,353803,270
61549,"2018-02-26 09:17:56",MARUTI,13704,8759.4
61556,"2018-02-26 09:17:57",JINDALSTEL,354003,270.05
61555,"2018-02-26 09:17:57",LT,43407,1311
61551,"2018-02-26 09:17:57",RELIANCE,161230,942.8
61552,"2018-02-26 09:17:57",SUNPHARMA,522632,567.2
61553,"2018-02-26 09:17:57",TATASTEEL,500406,689.2
61554,"2018-02-26 09:17:57",TCS,37390,3069
61564,"2018-02-26 09:17:58",INFY,60346,1150.8
61562,"2018-02-26 09:17:58",JINDALSTEL,358093,270.05
61563,"2018-02-26 09:17:58",LT,43958,1311
61557,"2018-02-26 09:17:58",MARUTI,13735,8759.35
61558,"2018-02-26 09:17:58",RELIANCE,162849,942.35
61559,"2018-02-26 09:17:58",SUNPHARMA,525343,567
61560,"2018-02-26 09:17:58",TATASTEEL,502558,689.2
61561,"2018-02-26 09:17:58",TCS,37474,3068.1
61566,"2018-02-26 09:17:59",JINDALSTEL,365061,270
61571,"2018-02-26 09:17:59",LT,44131,1310.9
61567,"2018-02-26 09:17:59",MARUTI,13830,8759.3
61568,"2018-02-26 09:17:59",RELIANCE,163394,942.4
61569,"2018-02-26 09:17:59",SUNPHARMA,535198,566.9
61570,"2018-02-26 09:17:59",TATASTEEL,511674,689.5
61565,"2018-02-26 09:17:59",TCS,37575,3068.1
61578,"2018-02-26 09:18:00",INFY,60875,1150.45
61575,"2018-02-26 09:18:00",JINDALSTEL,370618,270
61576,"2018-02-26 09:18:00",LT,44376,1310.85
61572,"2018-02-26 09:18:00",MARUTI,13836,8756.25
61573,"2018-02-26 09:18:00",RELIANCE,163769,942.7
61574,"2018-02-26 09:18:00",SUNPHARMA,538398,566.75
61577,"2018-02-26 09:18:00",TCS,37585,3066.5
61581,"2018-02-26 09:18:01",INFY,62617,1150.45
61582,"2018-02-26 09:18:01",JINDALSTEL,370963,270
61584,"2018-02-26 09:18:01",RELIANCE,164972,942.45
61579,"2018-02-26 09:18:01",SUNPHARMA,542490,566.3
61583,"2018-02-26 09:18:01",TATASTEEL,513516,689.5
61580,"2018-02-26 09:18:01",TCS,37596,3066.5
61586,"2018-02-26 09:18:02",INFY,62769,1150.45
61589,"2018-02-26 09:18:02",JINDALSTEL,372116,270
61590,"2018-02-26 09:18:02",LT,44524,1310.1
61587,"2018-02-26 09:18:02",MARUTI,13840,8756.25
61591,"2018-02-26 09:18:02",RELIANCE,166546,942.45
61592,"2018-02-26 09:18:02",SUNPHARMA,548480,566.3
61585,"2018-02-26 09:18:02",TATASTEEL,513791,689.75
61593,"2018-02-26 09:18:02",TATASTEEL,515626,689.5
61588,"2018-02-26 09:18:02",TCS,37669,3065.95
61594,"2018-02-26 09:18:03",INFY,63111,1150.25
61596,"2018-02-26 09:18:03",JINDALSTEL,373319,270
61597,"2018-02-26 09:18:03",LT,44641,1310.1
61595,"2018-02-26 09:18:03",MARUTI,13855,8756.25
61598,"2018-02-26 09:18:03",RELIANCE,170046,942.55
61599,"2018-02-26 09:18:03",TATASTEEL,519717,689.75
61600,"2018-02-26 09:18:03",TCS,37790,3064.9
61603,"2018-02-26 09:18:04",INFY,63195,1149.8
61604,"2018-02-26 09:18:04",LT,44682,1310
61601,"2018-02-26 09:18:04",MARUTI,13885,8757.2
61605,"2018-02-26 09:18:04",RELIANCE,171463,942.5
61602,"2018-02-26 09:18:04",SUNPHARMA,557822,565.2
61606,"2018-02-26 09:18:04",TATASTEEL,521303,689.75
61607,"2018-02-26 09:18:05",INFY,63423,1150
61608,"2018-02-26 09:18:05",JINDALSTEL,373744,270
61610,"2018-02-26 09:18:05",LT,44804,1310
61611,"2018-02-26 09:18:05",RELIANCE,171902,942.7
61612,"2018-02-26 09:18:05",SUNPHARMA,560990,566
61609,"2018-02-26 09:18:05",TCS,37803,3065.6
61613,"2018-02-26 09:18:05",TCS,37882,3065.6
61621,"2018-02-26 09:18:06",INFY,63557,1149.95
61615,"2018-02-26 09:18:06",JINDALSTEL,374044,269.95
61618,"2018-02-26 09:18:06",LT,44948,1310.2
61616,"2018-02-26 09:18:06",MARUTI,13891,8757.05
61617,"2018-02-26 09:18:06",RELIANCE,172160,942.5
61619,"2018-02-26 09:18:06",SUNPHARMA,563782,565.6
61614,"2018-02-26 09:18:06",TATASTEEL,534005,689.95
61620,"2018-02-26 09:18:06",TCS,38005,3066
61624,"2018-02-26 09:18:07",LT,44968,1310.2
61623,"2018-02-26 09:18:07",RELIANCE,172272,942.35
61622,"2018-02-26 09:18:07",TATASTEEL,536039,690.1
61631,"2018-02-26 09:18:08",INFY,64410,1149.9
61625,"2018-02-26 09:18:08",JINDALSTEL,374855,269.8
61626,"2018-02-26 09:18:08",LT,45018,1310.2
61632,"2018-02-26 09:18:08",MARUTI,13910,8756.25
61629,"2018-02-26 09:18:08",RELIANCE,172736,942
61627,"2018-02-26 09:18:08",SUNPHARMA,564702,565.1
61630,"2018-02-26 09:18:08",SUNPHARMA,568462,565
61628,"2018-02-26 09:18:08",TCS,38328,3066.7
61633,"2018-02-26 09:18:09",JINDALSTEL,376110,269.95
61634,"2018-02-26 09:18:09",LT,45037,1310.05
61637,"2018-02-26 09:18:09",SUNPHARMA,568984,565.15
61635,"2018-02-26 09:18:09",TATASTEEL,539119,690.5
61636,"2018-02-26 09:18:09",TCS,38448,3067.55
61642,"2018-02-26 09:18:10",INFY,65018,1150.4
61644,"2018-02-26 09:18:10",JINDALSTEL,376467,269.9
61638,"2018-02-26 09:18:10",LT,45065,1310
61639,"2018-02-26 09:18:10",RELIANCE,175178,942.9
61645,"2018-02-26 09:18:10",SUNPHARMA,570784,564.8
61640,"2018-02-26 09:18:10",TATASTEEL,542973,690.3
61641,"2018-02-26 09:18:10",TCS,38478,3067.5
61643,"2018-02-26 09:18:10",TCS,38543,3066.4
61649,"2018-02-26 09:18:11",INFY,65128,1150.8
61651,"2018-02-26 09:18:11",JINDALSTEL,378073,269.9
61650,"2018-02-26 09:18:11",LT,45337,1310
61646,"2018-02-26 09:18:11",MARUTI,13915,8756.25
61647,"2018-02-26 09:18:11",RELIANCE,175611,942.75
61648,"2018-02-26 09:18:11",TATASTEEL,543844,690.8
61655,"2018-02-26 09:18:12",INFY,65269,1151.5
61658,"2018-02-26 09:18:12",JINDALSTEL,378881,270.05
61656,"2018-02-26 09:18:12",LT,45447,1310.35
61657,"2018-02-26 09:18:12",MARUTI,13943,8756.9
61659,"2018-02-26 09:18:12",RELIANCE,175911,942.9
61652,"2018-02-26 09:18:12",SUNPHARMA,573644,565.35
61653,"2018-02-26 09:18:12",TATASTEEL,546639,690.7
61654,"2018-02-26 09:18:12",TCS,38609,3066.55
61664,"2018-02-26 09:18:13",JINDALSTEL,379181,270
61665,"2018-02-26 09:18:13",LT,45773,1310.35
61666,"2018-02-26 09:18:13",MARUTI,13956,8757.05
61660,"2018-02-26 09:18:13",RELIANCE,176011,942.75
61661,"2018-02-26 09:18:13",SUNPHARMA,574706,565.7
61662,"2018-02-26 09:18:13",TATASTEEL,547592,691
61663,"2018-02-26 09:18:13",TCS,38617,3066.8
61669,"2018-02-26 09:18:14",JINDALSTEL,381809,270
61670,"2018-02-26 09:18:14",LT,45836,1310.3
61671,"2018-02-26 09:18:14",MARUTI,13970,8756.3
61672,"2018-02-26 09:18:14",RELIANCE,177297,942.75
61667,"2018-02-26 09:18:14",TATASTEEL,549335,691.05
61668,"2018-02-26 09:18:14",TCS,38717,3066.6
61678,"2018-02-26 09:18:15",INFY,65329,1151.65
61674,"2018-02-26 09:18:15",JINDALSTEL,382109,270
61679,"2018-02-26 09:18:15",LT,45947,1310.35
61675,"2018-02-26 09:18:15",MARUTI,13979,8756.95
61676,"2018-02-26 09:18:15",SUNPHARMA,577136,565.8
61677,"2018-02-26 09:18:15",TATASTEEL,553866,691.4
61673,"2018-02-26 09:18:15",TCS,38870,3067
61683,"2018-02-26 09:18:16",INFY,65347,1151.65
61684,"2018-02-26 09:18:16",JINDALSTEL,383509,270.25
61687,"2018-02-26 09:18:16",LT,46348,1310.3
61685,"2018-02-26 09:18:16",MARUTI,13984,8757
61686,"2018-02-26 09:18:16",RELIANCE,177540,942.9
61680,"2018-02-26 09:18:16",SUNPHARMA,581813,565.7
61681,"2018-02-26 09:18:16",TATASTEEL,554756,691.25
61682,"2018-02-26 09:18:16",TCS,38951,3067
61690,"2018-02-26 09:18:17",INFY,65431,1151.55
61688,"2018-02-26 09:18:17",JINDALSTEL,386234,270.5
61691,"2018-02-26 09:18:17",MARUTI,14009,8756.3
61692,"2018-02-26 09:18:17",RELIANCE,177690,942.6
61689,"2018-02-26 09:18:17",SUNPHARMA,583871,566.45
61693,"2018-02-26 09:18:17",TATASTEEL,556892,691.2
61694,"2018-02-26 09:18:17",TCS,38968,3067
61695,"2018-02-26 09:18:18",JINDALSTEL,388124,270.15
61696,"2018-02-26 09:18:18",LT,46471,1310.65
61699,"2018-02-26 09:18:18",MARUTI,14059,8756.95
61697,"2018-02-26 09:18:18",TATASTEEL,557874,691.6
61698,"2018-02-26 09:18:18",TCS,39002,3067
61704,"2018-02-26 09:18:19",INFY,65601,1151.75
61705,"2018-02-26 09:18:19",JINDALSTEL,388224,270.3
61701,"2018-02-26 09:18:19",LT,46678,1310.65
61700,"2018-02-26 09:18:19",RELIANCE,178552,942.5
61702,"2018-02-26 09:18:19",SUNPHARMA,586512,565.85
61703,"2018-02-26 09:18:19",TCS,39015,3067.45
61709,"2018-02-26 09:18:20",INFY,66121,1152
61707,"2018-02-26 09:18:20",LT,46764,1310.65
61708,"2018-02-26 09:18:20",MARUTI,14071,8756.25
61706,"2018-02-26 09:18:20",TATASTEEL,559541,691.95
61710,"2018-02-26 09:18:21",MARUTI,14101,8755.1
61713,"2018-02-26 09:18:21",RELIANCE,179698,942.7
61711,"2018-02-26 09:18:21",TATASTEEL,564343,691.8
61712,"2018-02-26 09:18:21",TCS,39043,3067.45
61720,"2018-02-26 09:18:22",INFY,66152,1151.8
61714,"2018-02-26 09:18:22",JINDALSTEL,388829,270.25
61721,"2018-02-26 09:18:22",LT,46775,1310.65
61715,"2018-02-26 09:18:22",MARUTI,14110,8757.5
61716,"2018-02-26 09:18:22",RELIANCE,180607,942.95
61717,"2018-02-26 09:18:22",SUNPHARMA,589277,565.8
61718,"2018-02-26 09:18:22",TATASTEEL,566114,692.25
61719,"2018-02-26 09:18:22",TCS,39102,3067.45
61723,"2018-02-26 09:18:23",INFY,66406,1152.1
61724,"2018-02-26 09:18:23",JINDALSTEL,391812,270.3
61728,"2018-02-26 09:18:23",LT,47248,1310.65
61725,"2018-02-26 09:18:23",MARUTI,14125,8756.25
61729,"2018-02-26 09:18:23",RELIANCE,180695,942.75
61726,"2018-02-26 09:18:23",SUNPHARMA,589592,566.05
61727,"2018-02-26 09:18:23",TATASTEEL,569281,692
61722,"2018-02-26 09:18:23",TCS,39122,3067.45
61736,"2018-02-26 09:18:24",INFY,66706,1151.4
61731,"2018-02-26 09:18:24",JINDALSTEL,392705,270.6
61732,"2018-02-26 09:18:24",LT,47258,1310.65
61733,"2018-02-26 09:18:24",MARUTI,14135,8757.5
61734,"2018-02-26 09:18:24",RELIANCE,181662,942.55
61735,"2018-02-26 09:18:24",SUNPHARMA,590438,566
61730,"2018-02-26 09:18:24",TATASTEEL,570317,692.55
61745,"2018-02-26 09:18:25",INFY,66731,1151.25
61739,"2018-02-26 09:18:25",JINDALSTEL,393134,270.4
61740,"2018-02-26 09:18:25",LT,47277,1310.4
61741,"2018-02-26 09:18:25",MARUTI,14160,8755.15
61737,"2018-02-26 09:18:25",RELIANCE,181762,942.6
61742,"2018-02-26 09:18:25",RELIANCE,181882,942.75
61738,"2018-02-26 09:18:25",SUNPHARMA,590884,565.7
61743,"2018-02-26 09:18:25",TATASTEEL,573300,692.1
61744,"2018-02-26 09:18:25",TCS,39151,3067.45
61751,"2018-02-26 09:18:26",INFY,66779,1151.25
61747,"2018-02-26 09:18:26",JINDALSTEL,393685,270.25
61748,"2018-02-26 09:18:26",LT,47458,1310.7
61749,"2018-02-26 09:18:26",MARUTI,14458,8757.55
61750,"2018-02-26 09:18:26",SUNPHARMA,592949,566
61746,"2018-02-26 09:18:26",TCS,39269,3068.15
61752,"2018-02-26 09:18:27",JINDALSTEL,394035,270.25
61753,"2018-02-26 09:18:27",RELIANCE,182332,942.65
61754,"2018-02-26 09:18:27",TATASTEEL,589552,692.05
61755,"2018-02-26 09:18:27",TCS,39318,3067.5
61763,"2018-02-26 09:18:28",INFY,66881,1150.95
61756,"2018-02-26 09:18:28",JINDALSTEL,395837,270.1
61762,"2018-02-26 09:18:28",LT,47762,1310.9
61757,"2018-02-26 09:18:28",MARUTI,14606,8757.45
61758,"2018-02-26 09:18:28",RELIANCE,188204,942.95
61759,"2018-02-26 09:18:28",SUNPHARMA,594276,566.05
61760,"2018-02-26 09:18:28",TATASTEEL,594028,692
61761,"2018-02-26 09:18:28",TCS,39330,3068.15
61766,"2018-02-26 09:18:29",LT,47894,1310.7
61764,"2018-02-26 09:18:29",MARUTI,14652,8757.55
61767,"2018-02-26 09:18:29",RELIANCE,188820,942.65
61765,"2018-02-26 09:18:29",SUNPHARMA,596066,566
61768,"2018-02-26 09:18:29",TATASTEEL,596476,692.1
61769,"2018-02-26 09:18:29",TCS,39359,3067.45
61770,"2018-02-26 09:18:30",INFY,66944,1150.25
61771,"2018-02-26 09:18:30",JINDALSTEL,397943,270.15
61773,"2018-02-26 09:18:30",MARUTI,14680,8757.5
61772,"2018-02-26 09:18:30",SUNPHARMA,597049,566
61774,"2018-02-26 09:18:30",TCS,39421,3067.45
61781,"2018-02-26 09:18:31",INFY,66976,1150.65
61782,"2018-02-26 09:18:31",JINDALSTEL,399070,270.5
61775,"2018-02-26 09:18:31",LT,47910,1310.7
61776,"2018-02-26 09:18:31",MARUTI,14690,8757.5
61777,"2018-02-26 09:18:31",RELIANCE,188950,942.65
61778,"2018-02-26 09:18:31",SUNPHARMA,598339,566.35
61779,"2018-02-26 09:18:31",TATASTEEL,601652,691.6
61780,"2018-02-26 09:18:31",TCS,39451,3067.5
61784,"2018-02-26 09:18:32",INFY,67076,1150.7
61785,"2018-02-26 09:18:32",JINDALSTEL,399405,270.4
61786,"2018-02-26 09:18:32",LT,48017,1310.85
61787,"2018-02-26 09:18:32",RELIANCE,189287,942.65
61783,"2018-02-26 09:18:32",SUNPHARMA,601135,565.85
61788,"2018-02-26 09:18:32",SUNPHARMA,601687,565.55
61789,"2018-02-26 09:18:32",TATASTEEL,602396,691.95
61790,"2018-02-26 09:18:32",TCS,39509,3067.5
61797,"2018-02-26 09:18:33",INFY,67115,1150.35
61794,"2018-02-26 09:18:33",JINDALSTEL,401280,270.3
61795,"2018-02-26 09:18:33",LT,48044,1310.7
61793,"2018-02-26 09:18:33",MARUTI,14704,8755
61796,"2018-02-26 09:18:33",SUNPHARMA,602740,565.7
61791,"2018-02-26 09:18:33",TATASTEEL,604076,691.85
61792,"2018-02-26 09:18:33",TCS,39517,3067.15
61802,"2018-02-26 09:18:34",INFY,67159,1150.7
61803,"2018-02-26 09:18:34",JINDALSTEL,414042,270.5
61804,"2018-02-26 09:18:34",LT,48065,1310.7
61798,"2018-02-26 09:18:34",MARUTI,14770,8756.25
61799,"2018-02-26 09:18:34",RELIANCE,189919,942.5
61800,"2018-02-26 09:18:34",TATASTEEL,605696,691.7
61801,"2018-02-26 09:18:34",TCS,39546,3066.75
61809,"2018-02-26 09:18:35",INFY,67194,1150.65
61810,"2018-02-26 09:18:35",JINDALSTEL,414672,270.35
61811,"2018-02-26 09:18:35",LT,48479,1310.75
61805,"2018-02-26 09:18:35",MARUTI,14833,8756.25
61812,"2018-02-26 09:18:35",RELIANCE,190292,942.65
61806,"2018-02-26 09:18:35",SUNPHARMA,603735,565.6
61807,"2018-02-26 09:18:35",TATASTEEL,608522,691.3
61808,"2018-02-26 09:18:35",TCS,39555,3066.5
61816,"2018-02-26 09:18:36",INFY,67217,1150.35
61813,"2018-02-26 09:18:36",JINDALSTEL,415114,270.3
61814,"2018-02-26 09:18:36",RELIANCE,190827,942.65
61815,"2018-02-26 09:18:36",TATASTEEL,615371,691.8
61826,"2018-02-26 09:18:38",INFY,67610,1150.35
61819,"2018-02-26 09:18:38",JINDALSTEL,416320,270.4
61817,"2018-02-26 09:18:38",LT,50734,1311
61827,"2018-02-26 09:18:38",LT,50934,1311
61820,"2018-02-26 09:18:38",MARUTI,14991,8756.25
61818,"2018-02-26 09:18:38",RELIANCE,190887,942.75
61823,"2018-02-26 09:18:38",RELIANCE,190953,942.75
61821,"2018-02-26 09:18:38",SUNPHARMA,609118,565.55
61824,"2018-02-26 09:18:38",SUNPHARMA,610197,565.55
61828,"2018-02-26 09:18:38",SUNPHARMA,610384,565.25
61825,"2018-02-26 09:18:38",TATASTEEL,618368,691.6
61822,"2018-02-26 09:18:38",TCS,40302,3064.3
61829,"2018-02-26 09:18:38",TCS,40552,3066.75
61831,"2018-02-26 09:18:39",INFY,67771,1150.35
61832,"2018-02-26 09:18:39",JINDALSTEL,416521,270.4
61833,"2018-02-26 09:18:39",MARUTI,15008,8756.55
61834,"2018-02-26 09:18:39",RELIANCE,193599,942.55
61835,"2018-02-26 09:18:39",SUNPHARMA,612357,565.5
61830,"2018-02-26 09:18:39",TATASTEEL,621046,691.6
61841,"2018-02-26 09:18:40",INFY,67844,1150.35
61837,"2018-02-26 09:18:40",LT,51569,1310.95
61838,"2018-02-26 09:18:40",MARUTI,15682,8760
61839,"2018-02-26 09:18:40",RELIANCE,193709,942.95
61840,"2018-02-26 09:18:40",TATASTEEL,621840,691.55
61836,"2018-02-26 09:18:40",TCS,40562,3066.5
61847,"2018-02-26 09:18:41",INFY,68169,1150.7
61844,"2018-02-26 09:18:41",JINDALSTEL,417173,270.3
61848,"2018-02-26 09:18:41",LT,51672,1311
61845,"2018-02-26 09:18:41",MARUTI,16217,8760
61846,"2018-02-26 09:18:41",RELIANCE,193748,942.85
61842,"2018-02-26 09:18:41",TATASTEEL,624924,691.65
61843,"2018-02-26 09:18:41",TCS,40592,3065.45
61854,"2018-02-26 09:18:42",JINDALSTEL,418992,270.35
61853,"2018-02-26 09:18:42",MARUTI,16345,8757.9
61850,"2018-02-26 09:18:42",RELIANCE,193802,942.75
61851,"2018-02-26 09:18:42",SUNPHARMA,614970,565.55
61852,"2018-02-26 09:18:42",TATASTEEL,625341,691.6
61849,"2018-02-26 09:18:42",TCS,40667,3065.4
61857,"2018-02-26 09:18:43",INFY,68562,1150.7
61860,"2018-02-26 09:18:43",JINDALSTEL,419750,270.35
61861,"2018-02-26 09:18:43",LT,51791,1311.05
61859,"2018-02-26 09:18:43",RELIANCE,194171,942.85
61858,"2018-02-26 09:18:43",SUNPHARMA,620719,565.85
61855,"2018-02-26 09:18:43",TATASTEEL,626138,691.7
61856,"2018-02-26 09:18:43",TCS,40684,3065.4
61865,"2018-02-26 09:18:44",JINDALSTEL,420250,270.35
61866,"2018-02-26 09:18:44",RELIANCE,194371,942.8
61862,"2018-02-26 09:18:44",SUNPHARMA,621479,565.6
61863,"2018-02-26 09:18:44",TATASTEEL,635062,691.3
61864,"2018-02-26 09:18:44",TCS,40763,3065.45
61872,"2018-02-26 09:18:45",JINDALSTEL,423109,270.3
61867,"2018-02-26 09:18:45",LT,52062,1311.5
61868,"2018-02-26 09:18:45",RELIANCE,194572,942.8
61869,"2018-02-26 09:18:45",SUNPHARMA,622280,565.4
61870,"2018-02-26 09:18:45",TATASTEEL,645837,691.7
61871,"2018-02-26 09:18:45",TCS,40818,3065.45
61880,"2018-02-26 09:18:46",INFY,68612,1150.65
61879,"2018-02-26 09:18:46",JINDALSTEL,423209,270.4
61873,"2018-02-26 09:18:46",LT,52080,1311.2
61874,"2018-02-26 09:18:46",MARUTI,16356,8758.2
61875,"2018-02-26 09:18:46",RELIANCE,195127,942.75
61876,"2018-02-26 09:18:46",SUNPHARMA,623189,565.65
61877,"2018-02-26 09:18:46",TATASTEEL,648682,691.55
61878,"2018-02-26 09:18:46",TCS,41828,3064.65
61885,"2018-02-26 09:18:47",JINDALSTEL,424890,270.25
61887,"2018-02-26 09:18:47",JINDALSTEL,426340,270.4
61886,"2018-02-26 09:18:47",LT,52110,1311.4
61888,"2018-02-26 09:18:47",MARUTI,16396,8759.95
61881,"2018-02-26 09:18:47",RELIANCE,195536,942.8
61882,"2018-02-26 09:18:47",SUNPHARMA,624044,565.7
61883,"2018-02-26 09:18:47",TATASTEEL,655724,691.5
61884,"2018-02-26 09:18:47",TCS,42027,3061.55
61892,"2018-02-26 09:18:48",INFY,68707,1150.5
61893,"2018-02-26 09:18:48",LT,52127,1311.2
61889,"2018-02-26 09:18:48",RELIANCE,195862,942.8
61890,"2018-02-26 09:18:48",TATASTEEL,662067,691.55
61891,"2018-02-26 09:18:48",TCS,42053,3061.65
61899,"2018-02-26 09:18:49",INFY,69866,1150.75
61897,"2018-02-26 09:18:49",JINDALSTEL,426940,270.25
61894,"2018-02-26 09:18:49",MARUTI,16421,8759.95
61898,"2018-02-26 09:18:49",RELIANCE,196548,942.85
61895,"2018-02-26 09:18:49",SUNPHARMA,625867,565.2
61896,"2018-02-26 09:18:49",TATASTEEL,662402,691.25
61900,"2018-02-26 09:18:50",JINDALSTEL,427127,270.3
61906,"2018-02-26 09:18:50",JINDALSTEL,434914,270.35
61904,"2018-02-26 09:18:50",LT,52185,1311.45
61905,"2018-02-26 09:18:50",RELIANCE,196653,942.55
61901,"2018-02-26 09:18:50",SUNPHARMA,626415,565.3
61902,"2018-02-26 09:18:50",TATASTEEL,662875,691.2
61903,"2018-02-26 09:18:50",TCS,42085,3061.4
61909,"2018-02-26 09:18:51",INFY,70036,1150.7
61912,"2018-02-26 09:18:51",MARUTI,16475,8758.2
61911,"2018-02-26 09:18:51",RELIANCE,197172,942.5
61910,"2018-02-26 09:18:51",SUNPHARMA,633398,566.2
61907,"2018-02-26 09:18:51",TATASTEEL,665993,691.35
61908,"2018-02-26 09:18:51",TCS,42124,3061.4
61918,"2018-02-26 09:18:52",INFY,70434,1150.75
61913,"2018-02-26 09:18:52",JINDALSTEL,435976,270.5
61919,"2018-02-26 09:18:52",LT,52382,1311.6
61914,"2018-02-26 09:18:52",MARUTI,16514,8757.1
61920,"2018-02-26 09:18:52",RELIANCE,197846,942.5
61915,"2018-02-26 09:18:52",SUNPHARMA,636188,566
61916,"2018-02-26 09:18:52",TATASTEEL,670035,691
61917,"2018-02-26 09:18:52",TCS,42198,3061.05
61923,"2018-02-26 09:18:53",INFY,73680,1150.85
61924,"2018-02-26 09:18:53",LT,52817,1311.2
61921,"2018-02-26 09:18:53",MARUTI,16544,8756.6
61925,"2018-02-26 09:18:53",SUNPHARMA,636834,566
61922,"2018-02-26 09:18:53",TATASTEEL,671452,691
61928,"2018-02-26 09:18:54",INFY,73802,1150.75
61929,"2018-02-26 09:18:54",JINDALSTEL,437643,270.45
61926,"2018-02-26 09:18:54",TATASTEEL,680107,691
61927,"2018-02-26 09:18:54",TCS,42619,3061.05
61933,"2018-02-26 09:18:55",INFY,73917,1150.7
61936,"2018-02-26 09:18:55",JINDALSTEL,439793,270.5
61934,"2018-02-26 09:18:55",LT,52842,1311.6
61937,"2018-02-26 09:18:55",MARUTI,16624,8758.2
61935,"2018-02-26 09:18:55",RELIANCE,198299,942.55
61930,"2018-02-26 09:18:55",SUNPHARMA,638659,566
61931,"2018-02-26 09:18:55",TATASTEEL,681354,691.45
61932,"2018-02-26 09:18:55",TCS,42662,3061.05
61940,"2018-02-26 09:18:56",INFY,74876,1150.5
61943,"2018-02-26 09:18:56",JINDALSTEL,440377,270.5
61941,"2018-02-26 09:18:56",LT,52926,1311.45
61942,"2018-02-26 09:18:56",SUNPHARMA,639288,566
61938,"2018-02-26 09:18:56",TATASTEEL,681721,691
61939,"2018-02-26 09:18:56",TCS,42748,3061.05
61949,"2018-02-26 09:18:57",JINDALSTEL,444062,270.7
61950,"2018-02-26 09:18:57",LT,53015,1311.45
61947,"2018-02-26 09:18:57",MARUTI,16646,8759.85
61944,"2018-02-26 09:18:57",RELIANCE,198339,942.55
61945,"2018-02-26 09:18:57",SUNPHARMA,645723,565.75
61948,"2018-02-26 09:18:57",TATASTEEL,687459,691.05
61946,"2018-02-26 09:18:57",TCS,43056,3061.4
61954,"2018-02-26 09:18:58",JINDALSTEL,445144,270.35
61955,"2018-02-26 09:18:58",LT,53044,1311.5
61953,"2018-02-26 09:18:58",MARUTI,16656,8759.9
61951,"2018-02-26 09:18:58",SUNPHARMA,646231,566
61952,"2018-02-26 09:18:58",TCS,43137,3060.85
61962,"2018-02-26 09:18:59",INFY,74921,1150.55
61956,"2018-02-26 09:18:59",MARUTI,16716,8759.9
61958,"2018-02-26 09:18:59",RELIANCE,198512,942.7
61959,"2018-02-26 09:18:59",SUNPHARMA,649084,566
61957,"2018-02-26 09:18:59",TATASTEEL,694755,690.3
61960,"2018-02-26 09:18:59",TATASTEEL,696198,690.95
61961,"2018-02-26 09:18:59",TCS,43246,3061.5
61964,"2018-02-26 09:19:00",INFY,75022,1150.7
61963,"2018-02-26 09:19:00",JINDALSTEL,446545,270.5
61965,"2018-02-26 09:19:00",LT,53534,1312
61966,"2018-02-26 09:19:00",RELIANCE,198734,942.7
61967,"2018-02-26 09:19:00",SUNPHARMA,649719,566
61969,"2018-02-26 09:19:01",JINDALSTEL,446971,270.45
61968,"2018-02-26 09:19:01",TATASTEEL,697518,690.9
61973,"2018-02-26 09:19:02",INFY,75115,1150.6
61974,"2018-02-26 09:19:02",JINDALSTEL,447181,270.45
61970,"2018-02-26 09:19:02",MARUTI,16858,8759.9
61977,"2018-02-26 09:19:02",MARUTI,16869,8759.9
61975,"2018-02-26 09:19:02",RELIANCE,199072,942.7
61971,"2018-02-26 09:19:02",SUNPHARMA,650433,566.25
61976,"2018-02-26 09:19:02",TATASTEEL,698597,690.9
61972,"2018-02-26 09:19:02",TCS,43281,3061.75
61978,"2018-02-26 09:19:03",JINDALSTEL,447341,270.5
61979,"2018-02-26 09:19:03",LT,53602,1312
61980,"2018-02-26 09:19:03",RELIANCE,199152,942.7
61981,"2018-02-26 09:19:03",SUNPHARMA,653680,565.8
61982,"2018-02-26 09:19:03",TATASTEEL,703066,691.15
61983,"2018-02-26 09:19:03",TCS,43291,3061.5
61984,"2018-02-26 09:19:04",INFY,75287,1150.6
61985,"2018-02-26 09:19:04",JINDALSTEL,449383,270.4
61986,"2018-02-26 09:19:04",LT,53811,1312.8
61987,"2018-02-26 09:19:04",MARUTI,16897,8759.9
61988,"2018-02-26 09:19:04",RELIANCE,199204,942.75
61989,"2018-02-26 09:19:04",SUNPHARMA,653943,565.9
61990,"2018-02-26 09:19:04",TATASTEEL,705122,691.1
61995,"2018-02-26 09:19:05",INFY,75355,1150.55
61991,"2018-02-26 09:19:05",MARUTI,16920,8759.85
61992,"2018-02-26 09:19:05",RELIANCE,199615,942.75
61993,"2018-02-26 09:19:05",SUNPHARMA,654153,566
61994,"2018-02-26 09:19:05",TATASTEEL,705330,691.25
62001,"2018-02-26 09:19:06",INFY,75394,1150.55
61997,"2018-02-26 09:19:06",JINDALSTEL,449567,270.45
61998,"2018-02-26 09:19:06",MARUTI,16947,8759.95
61999,"2018-02-26 09:19:06",RELIANCE,200102,942.75
61996,"2018-02-26 09:19:06",SUNPHARMA,654497,566.25
62000,"2018-02-26 09:19:06",TATASTEEL,706520,691
62005,"2018-02-26 09:19:07",INFY,75444,1150.6
62003,"2018-02-26 09:19:07",JINDALSTEL,450174,270.45
62006,"2018-02-26 09:19:07",LT,53837,1312.2
62007,"2018-02-26 09:19:07",RELIANCE,200772,942.75
62004,"2018-02-26 09:19:07",SUNPHARMA,655150,566.25
62002,"2018-02-26 09:19:07",TCS,43744,3058.2
62010,"2018-02-26 09:19:08",INFY,75506,1150.6
62011,"2018-02-26 09:19:08",JINDALSTEL,453638,270.45
62012,"2018-02-26 09:19:08",LT,53858,1312.2
62009,"2018-02-26 09:19:08",MARUTI,17004,8760
62008,"2018-02-26 09:19:08",TATASTEEL,708900,691.05
62018,"2018-02-26 09:19:10",INFY,75761,1150.7
62016,"2018-02-26 09:19:10",JINDALSTEL,453818,270.45
62015,"2018-02-26 09:19:10",SUNPHARMA,655427,566
62013,"2018-02-26 09:19:10",TATASTEEL,715585,690.8
62017,"2018-02-26 09:19:10",TATASTEEL,718352,691.1
62014,"2018-02-26 09:19:10",TCS,43825,3058.95
62019,"2018-02-26 09:19:11",JINDALSTEL,454431,270.45
62026,"2018-02-26 09:19:11",JINDALSTEL,456316,270.45
62020,"2018-02-26 09:19:11",LT,54108,1312.45
62027,"2018-02-26 09:19:11",LT,54168,1312
62021,"2018-02-26 09:19:11",MARUTI,17104,8763.65
62028,"2018-02-26 09:19:11",MARUTI,17163,8760
62022,"2018-02-26 09:19:11",RELIANCE,201752,942.7
62029,"2018-02-26 09:19:11",RELIANCE,201952,942.9
62024,"2018-02-26 09:19:11",SUNPHARMA,656055,565.95
62025,"2018-02-26 09:19:11",SUNPHARMA,657410,566
62023,"2018-02-26 09:19:11",TCS,43959,3058.5
62031,"2018-02-26 09:19:12",SUNPHARMA,658208,566.3
62030,"2018-02-26 09:19:12",TATASTEEL,719141,691.05
62033,"2018-02-26 09:19:13",INFY,76415,1150.8
62034,"2018-02-26 09:19:13",JINDALSTEL,462406,270.45
62035,"2018-02-26 09:19:13",LT,54368,1312.5
62038,"2018-02-26 09:19:13",MARUTI,17193,8763.7
62036,"2018-02-26 09:19:13",RELIANCE,202072,942.7
62037,"2018-02-26 09:19:13",TATASTEEL,720143,691
62032,"2018-02-26 09:19:13",TCS,44101,3056.8
62044,"2018-02-26 09:19:14",INFY,77148,1151.1
62039,"2018-02-26 09:19:14",JINDALSTEL,477910,270.05
62042,"2018-02-26 09:19:14",MARUTI,17208,8762.55
62040,"2018-02-26 09:19:14",RELIANCE,205093,942.7
62041,"2018-02-26 09:19:14",SUNPHARMA,659422,566.2
62043,"2018-02-26 09:19:14",TATASTEEL,723269,690.7
62050,"2018-02-26 09:19:15",INFY,79012,1151.1
62046,"2018-02-26 09:19:15",JINDALSTEL,478350,270.25
62047,"2018-02-26 09:19:15",LT,54431,1312.2
62045,"2018-02-26 09:19:15",SUNPHARMA,659923,566
62048,"2018-02-26 09:19:15",TATASTEEL,724735,690.5
62049,"2018-02-26 09:19:15",TCS,44258,3058
62054,"2018-02-26 09:19:16",INFY,79591,1150.95
62051,"2018-02-26 09:19:16",JINDALSTEL,478500,270.2
62052,"2018-02-26 09:19:16",MARUTI,17216,8762.55
62053,"2018-02-26 09:19:16",RELIANCE,205693,942.7
62055,"2018-02-26 09:19:16",SUNPHARMA,661584,565.9
62059,"2018-02-26 09:19:17",INFY,80178,1150.95
62056,"2018-02-26 09:19:17",JINDALSTEL,479441,270.05
62060,"2018-02-26 09:19:17",LT,54531,1312.25
62057,"2018-02-26 09:19:17",MARUTI,17256,8759.95
62061,"2018-02-26 09:19:17",RELIANCE,206552,942.95
62062,"2018-02-26 09:19:17",SUNPHARMA,662536,565.75
62058,"2018-02-26 09:19:17",TATASTEEL,729231,690.8
62063,"2018-02-26 09:19:17",TCS,44480,3058.15
62065,"2018-02-26 09:19:18",JINDALSTEL,479991,270.15
62066,"2018-02-26 09:19:18",MARUTI,17261,8759.95
62067,"2018-02-26 09:19:18",RELIANCE,207184,942.95
62064,"2018-02-26 09:19:18",TATASTEEL,733217,691
62071,"2018-02-26 09:19:19",INFY,82047,1150.3
62072,"2018-02-26 09:19:19",JINDALSTEL,480346,270.1
62073,"2018-02-26 09:19:19",MARUTI,17306,8759.95
62070,"2018-02-26 09:19:19",SUNPHARMA,662716,565.75
62068,"2018-02-26 09:19:19",TATASTEEL,737331,690.8
62069,"2018-02-26 09:19:19",TCS,44580,3058.15
62079,"2018-02-26 09:19:20",INFY,82156,1150.15
62080,"2018-02-26 09:19:20",JINDALSTEL,485695,270.15
62076,"2018-02-26 09:19:20",LT,54612,1312.75
62081,"2018-02-26 09:19:20",MARUTI,17368,8762.85
62077,"2018-02-26 09:19:20",RELIANCE,208299,942.5
62078,"2018-02-26 09:19:20",SUNPHARMA,662878,565.9
62074,"2018-02-26 09:19:20",TATASTEEL,742369,691.1
62075,"2018-02-26 09:19:20",TCS,44652,3058.25
62085,"2018-02-26 09:19:21",INFY,82690,1150.05
62086,"2018-02-26 09:19:21",JINDALSTEL,487539,270.2
62082,"2018-02-26 09:19:21",RELIANCE,208675,942.9
62083,"2018-02-26 09:19:21",SUNPHARMA,665102,565.8
62084,"2018-02-26 09:19:21",TCS,44796,3058
62089,"2018-02-26 09:19:22",INFY,82716,1150
62092,"2018-02-26 09:19:22",JINDALSTEL,489719,270
62093,"2018-02-26 09:19:22",LT,54778,1312.45
62090,"2018-02-26 09:19:22",MARUTI,17393,8760
62091,"2018-02-26 09:19:22",RELIANCE,208725,942.9
62087,"2018-02-26 09:19:22",SUNPHARMA,665352,565.6
62088,"2018-02-26 09:19:22",TATASTEEL,745586,691.25
62094,"2018-02-26 09:19:23",INFY,82855,1150.05
62097,"2018-02-26 09:19:23",LT,54833,1312.45
62095,"2018-02-26 09:19:23",MARUTI,17403,8759.7
62096,"2018-02-26 09:19:23",RELIANCE,209294,942.95
62098,"2018-02-26 09:19:23",SUNPHARMA,666262,565.25
62099,"2018-02-26 09:19:23",TATASTEEL,746477,691
62100,"2018-02-26 09:19:23",TCS,44974,3058
62102,"2018-02-26 09:19:24",INFY,83060,1149.75
62101,"2018-02-26 09:19:24",JINDALSTEL,491424,270.05
62103,"2018-02-26 09:19:24",LT,54996,1312.8
62104,"2018-02-26 09:19:24",RELIANCE,209414,943
62105,"2018-02-26 09:19:24",TATASTEEL,748322,691.3
62107,"2018-02-26 09:19:25",INFY,83145,1149.75
62108,"2018-02-26 09:19:25",JINDALSTEL,492575,270.2
62110,"2018-02-26 09:19:25",MARUTI,17432,8762.45
62111,"2018-02-26 09:19:25",RELIANCE,209963,942.95
62109,"2018-02-26 09:19:25",SUNPHARMA,667500,565.05
62106,"2018-02-26 09:19:25",TCS,45977,3058
62112,"2018-02-26 09:19:26",INFY,83176,1149.4
62113,"2018-02-26 09:19:26",JINDALSTEL,493538,270.05
62114,"2018-02-26 09:19:26",LT,55078,1312.75
62115,"2018-02-26 09:19:26",MARUTI,17522,8760
62116,"2018-02-26 09:19:26",RELIANCE,210178,942.95
62117,"2018-02-26 09:19:26",SUNPHARMA,670316,565.25
62118,"2018-02-26 09:19:26",TATASTEEL,754158,691.45
62119,"2018-02-26 09:19:26",TCS,46185,3057.75
62121,"2018-02-26 09:19:27",INFY,83356,1149.05
62120,"2018-02-26 09:19:27",LT,55192,1312.9
62122,"2018-02-26 09:19:27",SUNPHARMA,671416,565
62123,"2018-02-26 09:19:27",TATASTEEL,754571,691.1
62124,"2018-02-26 09:19:27",TCS,46204,3057.6
62128,"2018-02-26 09:19:28",INFY,83438,1149.4
62125,"2018-02-26 09:19:28",JINDALSTEL,493768,270.25
62126,"2018-02-26 09:19:28",LT,55310,1312.4
62127,"2018-02-26 09:19:28",MARUTI,17611,8762.6
62134,"2018-02-26 09:19:29",INFY,84325,1149.15
62135,"2018-02-26 09:19:29",JINDALSTEL,494711,270.05
62131,"2018-02-26 09:19:29",LT,55336,1312.25
62129,"2018-02-26 09:19:29",MARUTI,17638,8763.1
62130,"2018-02-26 09:19:29",RELIANCE,210816,942.8
62132,"2018-02-26 09:19:29",SUNPHARMA,671751,565.05
62133,"2018-02-26 09:19:29",TCS,46290,3056
62140,"2018-02-26 09:19:30",LT,55384,1312.5
62136,"2018-02-26 09:19:30",MARUTI,17693,8762.6
62141,"2018-02-26 09:19:30",RELIANCE,211139,942.8
62138,"2018-02-26 09:19:30",SUNPHARMA,675204,565
62137,"2018-02-26 09:19:30",TATASTEEL,758851,691.05
62139,"2018-02-26 09:19:30",TCS,46323,3055.35
62142,"2018-02-26 09:19:31",INFY,84549,1149.2
62146,"2018-02-26 09:19:31",JINDALSTEL,497566,270
62147,"2018-02-26 09:19:31",LT,55828,1312.2
62143,"2018-02-26 09:19:31",MARUTI,17730,8761.95
62144,"2018-02-26 09:19:31",RELIANCE,211237,942.5
62145,"2018-02-26 09:19:31",TATASTEEL,762977,691.35
62150,"2018-02-26 09:19:32",INFY,84960,1149.2
62151,"2018-02-26 09:19:32",JINDALSTEL,497666,270.05
62153,"2018-02-26 09:19:32",LT,57574,1311.75
62152,"2018-02-26 09:19:32",MARUTI,17902,8760
62154,"2018-02-26 09:19:32",RELIANCE,213770,942.05
62148,"2018-02-26 09:19:32",SUNPHARMA,676373,565
62155,"2018-02-26 09:19:32",SUNPHARMA,677246,565
62149,"2018-02-26 09:19:32",TCS,46470,3055.35
62156,"2018-02-26 09:19:32",TCS,46846,3055.7
62158,"2018-02-26 09:19:33",JINDALSTEL,499226,270.05
62161,"2018-02-26 09:19:33",MARUTI,18063,8761.25
62162,"2018-02-26 09:19:33",RELIANCE,214985,942.45
62159,"2018-02-26 09:19:33",SUNPHARMA,678576,565
62157,"2018-02-26 09:19:33",TATASTEEL,765923,691.35
62160,"2018-02-26 09:19:33",TCS,47257,3055.7
62166,"2018-02-26 09:19:34",INFY,85763,1149.35
62163,"2018-02-26 09:19:34",JINDALSTEL,502165,270
62164,"2018-02-26 09:19:34",LT,58296,1311.5
62167,"2018-02-26 09:19:34",MARUTI,18117,8760.9
62165,"2018-02-26 09:19:34",TATASTEEL,767408,691.5
62170,"2018-02-26 09:19:35",JINDALSTEL,511429,269.8
62171,"2018-02-26 09:19:35",LT,58391,1311.5
62172,"2018-02-26 09:19:35",MARUTI,18143,8760.95
62175,"2018-02-26 09:19:35",MARUTI,18178,8761.4
62168,"2018-02-26 09:19:35",SUNPHARMA,679045,565
62173,"2018-02-26 09:19:35",SUNPHARMA,679363,565
62169,"2018-02-26 09:19:35",TATASTEEL,768749,691.5
62174,"2018-02-26 09:19:35",TCS,47286,3056
62176,"2018-02-26 09:19:36",INFY,86063,1149.95
62179,"2018-02-26 09:19:36",JINDALSTEL,512305,269.7
62180,"2018-02-26 09:19:36",LT,59455,1311.25
62177,"2018-02-26 09:19:36",RELIANCE,216332,942.6
62181,"2018-02-26 09:19:36",SUNPHARMA,679733,565
62178,"2018-02-26 09:19:36",TATASTEEL,769446,691.25
62182,"2018-02-26 09:19:36",TCS,47509,3055.25
62186,"2018-02-26 09:19:37",INFY,86266,1149.4
62183,"2018-02-26 09:19:37",LT,59679,1310.85
62184,"2018-02-26 09:19:37",MARUTI,18198,8761.4
62185,"2018-02-26 09:19:37",RELIANCE,216632,942.55
62187,"2018-02-26 09:19:37",TATASTEEL,770569,691.25
62191,"2018-02-26 09:19:38",JINDALSTEL,513677,269.7
62189,"2018-02-26 09:19:38",LT,60129,1310.9
62190,"2018-02-26 09:19:38",RELIANCE,216716,942.3
62188,"2018-02-26 09:19:38",SUNPHARMA,679892,565.05
62195,"2018-02-26 09:19:39",INFY,86295,1149.55
62196,"2018-02-26 09:19:39",LT,60868,1310.85
62197,"2018-02-26 09:19:39",RELIANCE,217363,942.5
62192,"2018-02-26 09:19:39",SUNPHARMA,680484,564.85
62193,"2018-02-26 09:19:39",TATASTEEL,771718,691.15
62194,"2018-02-26 09:19:39",TCS,47530,3055.1
62200,"2018-02-26 09:19:40",JINDALSTEL,514310,269.6
62201,"2018-02-26 09:19:40",LT,60942,1310.9
62203,"2018-02-26 09:19:40",MARUTI,18273,8761.2
62204,"2018-02-26 09:19:40",RELIANCE,218036,942.45
62202,"2018-02-26 09:19:40",SUNPHARMA,680946,565
62198,"2018-02-26 09:19:40",TATASTEEL,773190,691.05
62199,"2018-02-26 09:19:40",TCS,48631,3057.4
62206,"2018-02-26 09:19:41",INFY,86323,1149.55
62207,"2018-02-26 09:19:41",RELIANCE,218663,942.5
62208,"2018-02-26 09:19:41",RELIANCE,219773,942.65
62205,"2018-02-26 09:19:41",SUNPHARMA,681261,564.7
62209,"2018-02-26 09:19:41",TATASTEEL,773403,691.1
62210,"2018-02-26 09:19:42",INFY,86627,1149.55
62211,"2018-02-26 09:19:42",LT,61728,1311.05
62212,"2018-02-26 09:19:42",SUNPHARMA,681470,564.65
62213,"2018-02-26 09:19:42",TATASTEEL,777521,691.4
62214,"2018-02-26 09:19:42",TCS,48780,3054.7
62216,"2018-02-26 09:19:43",JINDALSTEL,515283,269.4
62217,"2018-02-26 09:19:43",LT,61835,1311.25
62218,"2018-02-26 09:19:43",MARUTI,18286,8761.2
62215,"2018-02-26 09:19:43",SUNPHARMA,683650,565
62219,"2018-02-26 09:19:43",TATASTEEL,782532,691.6
62221,"2018-02-26 09:19:44",JINDALSTEL,518634,269.7
62222,"2018-02-26 09:19:44",LT,61981,1311.05
62220,"2018-02-26 09:19:44",RELIANCE,221774,942.3
62224,"2018-02-26 09:19:44",SUNPHARMA,683820,564.85
62223,"2018-02-26 09:19:44",TCS,48805,3055.3
62228,"2018-02-26 09:19:45",INFY,86859,1149.55
62226,"2018-02-26 09:19:45",JINDALSTEL,518834,269.7
62227,"2018-02-26 09:19:45",MARUTI,18298,8761.15
62225,"2018-02-26 09:19:45",TATASTEEL,784096,691.4
62229,"2018-02-26 09:19:46",INFY,86909,1149.55
62230,"2018-02-26 09:19:46",JINDALSTEL,519998,269.9
62236,"2018-02-26 09:19:46",LT,62320,1311.2
62231,"2018-02-26 09:19:46",MARUTI,18332,8761
62232,"2018-02-26 09:19:46",RELIANCE,222136,942.3
62233,"2018-02-26 09:19:46",SUNPHARMA,684088,564.5
62234,"2018-02-26 09:19:46",TATASTEEL,787888,691.8
62235,"2018-02-26 09:19:46",TCS,48817,3054.35
62239,"2018-02-26 09:19:47",INFY,87052,1149.55
62240,"2018-02-26 09:19:47",LT,62453,1311.25
62237,"2018-02-26 09:19:47",RELIANCE,222563,942.5
62241,"2018-02-26 09:19:47",SUNPHARMA,694489,563.5
62238,"2018-02-26 09:19:47",TATASTEEL,793257,691.95
62244,"2018-02-26 09:19:48",INFY,87149,1149.6
62245,"2018-02-26 09:19:48",RELIANCE,222724,942.45
62242,"2018-02-26 09:19:48",TATASTEEL,803307,692.1
62243,"2018-02-26 09:19:48",TCS,48876,3054.85
62251,"2018-02-26 09:19:50",JINDALSTEL,521251,269.6
62252,"2018-02-26 09:19:50",LT,63097,1311.25
62246,"2018-02-26 09:19:50",MARUTI,18356,8760.85
62247,"2018-02-26 09:19:50",RELIANCE,223390,942.5
62248,"2018-02-26 09:19:50",SUNPHARMA,694876,563.75
62249,"2018-02-26 09:19:50",TATASTEEL,804503,692.05
62250,"2018-02-26 09:19:50",TCS,49153,3054.35
62259,"2018-02-26 09:19:51",JINDALSTEL,521661,269.8
62257,"2018-02-26 09:19:51",LT,63229,1311.25
62261,"2018-02-26 09:19:51",LT,63591,1311.5
62253,"2018-02-26 09:19:51",MARUTI,18379,8760.85
62262,"2018-02-26 09:19:51",MARUTI,18463,8763
62258,"2018-02-26 09:19:51",RELIANCE,223861,942.45
62263,"2018-02-26 09:19:51",RELIANCE,223983,942.45
62254,"2018-02-26 09:19:51",SUNPHARMA,695934,563.35
62260,"2018-02-26 09:19:51",SUNPHARMA,699866,563.4
62255,"2018-02-26 09:19:51",TATASTEEL,804953,691.6
62264,"2018-02-26 09:19:51",TATASTEEL,805462,691.6
62256,"2018-02-26 09:19:51",TCS,49278,3054.85
62265,"2018-02-26 09:19:51",TCS,49309,3054.4
62269,"2018-02-26 09:19:52",INFY,87551,1149.2
62268,"2018-02-26 09:19:52",JINDALSTEL,522561,269.8
62266,"2018-02-26 09:19:52",LT,63625,1311.9
62270,"2018-02-26 09:19:52",MARUTI,18706,8763.05
62271,"2018-02-26 09:19:52",RELIANCE,224584,942.55
62267,"2018-02-26 09:19:52",SUNPHARMA,700336,563.2
62275,"2018-02-26 09:19:53",JINDALSTEL,523421,269.8
62272,"2018-02-26 09:19:53",LT,64658,1311.45
62276,"2018-02-26 09:19:53",MARUTI,19008,8763
62273,"2018-02-26 09:19:53",SUNPHARMA,700941,563.1
62277,"2018-02-26 09:19:53",SUNPHARMA,701945,562.85
62274,"2018-02-26 09:19:53",TCS,49351,3055
62281,"2018-02-26 09:19:54",INFY,88731,1149
62282,"2018-02-26 09:19:54",MARUTI,19572,8763
62280,"2018-02-26 09:19:54",RELIANCE,224711,942.65
62278,"2018-02-26 09:19:54",TATASTEEL,807003,691.5
62279,"2018-02-26 09:19:54",TCS,49406,3055
62289,"2018-02-26 09:19:55",INFY,89094,1149
62287,"2018-02-26 09:19:55",JINDALSTEL,523728,270
62288,"2018-02-26 09:19:55",LT,65025,1311.25
62283,"2018-02-26 09:19:55",RELIANCE,224834,942.55
62284,"2018-02-26 09:19:55",SUNPHARMA,702155,563.1
62285,"2018-02-26 09:19:55",TATASTEEL,807561,691.8
62286,"2018-02-26 09:19:55",TCS,49467,3055
62294,"2018-02-26 09:19:56",INFY,89279,1149
62295,"2018-02-26 09:19:56",JINDALSTEL,523881,269.85
62290,"2018-02-26 09:19:56",LT,65404,1311.45
62291,"2018-02-26 09:19:56",RELIANCE,225090,942.65
62292,"2018-02-26 09:19:56",TATASTEEL,809849,691.5
62293,"2018-02-26 09:19:56",TCS,49734,3054.35
62297,"2018-02-26 09:19:57",LT,65605,1311.2
62296,"2018-02-26 09:19:57",MARUTI,19825,8765
62298,"2018-02-26 09:19:57",SUNPHARMA,706029,562.8
62304,"2018-02-26 09:19:58",INFY,89543,1149
62305,"2018-02-26 09:19:58",JINDALSTEL,524211,270
62299,"2018-02-26 09:19:58",LT,65620,1311.2
62300,"2018-02-26 09:19:58",MARUTI,20733,8765
62301,"2018-02-26 09:19:58",RELIANCE,225192,942.6
62302,"2018-02-26 09:19:58",TATASTEEL,812653,691.35
62303,"2018-02-26 09:19:58",TCS,50251,3054.35
62310,"2018-02-26 09:19:59",INFY,89765,1149.05
62306,"2018-02-26 09:19:59",JINDALSTEL,524411,269.8
62311,"2018-02-26 09:19:59",LT,65634,1311
62307,"2018-02-26 09:19:59",MARUTI,21019,8765.35
62308,"2018-02-26 09:19:59",RELIANCE,225275,942.65
62309,"2018-02-26 09:19:59",TATASTEEL,815072,691.5
62317,"2018-02-26 09:20:00",INFY,89802,1148.75
62315,"2018-02-26 09:20:00",JINDALSTEL,524797,269.65
62316,"2018-02-26 09:20:00",MARUTI,21360,8765.35
62318,"2018-02-26 09:20:00",RELIANCE,235892,943
62312,"2018-02-26 09:20:00",SUNPHARMA,709763,562.3
62313,"2018-02-26 09:20:00",TATASTEEL,819764,691.2
62314,"2018-02-26 09:20:00",TCS,50265,3054.35
62323,"2018-02-26 09:20:01",INFY,90054,1148.75
62324,"2018-02-26 09:20:01",LT,65756,1311.2
62322,"2018-02-26 09:20:01",MARUTI,21387,8765.35
62319,"2018-02-26 09:20:01",RELIANCE,240339,942.8
62320,"2018-02-26 09:20:01",TATASTEEL,821369,691.25
62321,"2018-02-26 09:20:01",TCS,50384,3054.4
62329,"2018-02-26 09:20:02",INFY,90101,1148.75
62327,"2018-02-26 09:20:02",JINDALSTEL,524917,269.75
62330,"2018-02-26 09:20:02",LT,65786,1311.75
62325,"2018-02-26 09:20:02",SUNPHARMA,710112,562.85
62328,"2018-02-26 09:20:02",TATASTEEL,825508,691.2
62326,"2018-02-26 09:20:02",TCS,50588,3054.4
62333,"2018-02-26 09:20:03",JINDALSTEL,525312,269.75
62336,"2018-02-26 09:20:03",LT,65804,1311.55
62334,"2018-02-26 09:20:03",MARUTI,21392,8766
62337,"2018-02-26 09:20:03",RELIANCE,242247,943
62331,"2018-02-26 09:20:03",SUNPHARMA,711526,562.3
62335,"2018-02-26 09:20:03",TATASTEEL,827576,691.2
62332,"2018-02-26 09:20:03",TCS,50948,3056
62339,"2018-02-26 09:20:04",INFY,90288,1148.9
62340,"2018-02-26 09:20:04",JINDALSTEL,526672,269.65
62344,"2018-02-26 09:20:04",LT,65856,1311.55
62341,"2018-02-26 09:20:04",MARUTI,21464,8766
62345,"2018-02-26 09:20:04",RELIANCE,243412,943.15
62342,"2018-02-26 09:20:04",SUNPHARMA,712167,562.55
62343,"2018-02-26 09:20:04",TATASTEEL,828161,691.1
62338,"2018-02-26 09:20:04",TCS,50980,3056.2
62347,"2018-02-26 09:20:05",JINDALSTEL,532772,269.85
62348,"2018-02-26 09:20:05",LT,66040,1311.75
62349,"2018-02-26 09:20:05",MARUTI,21567,8769
62350,"2018-02-26 09:20:05",RELIANCE,244795,943.35
62346,"2018-02-26 09:20:05",SUNPHARMA,713274,563
62351,"2018-02-26 09:20:05",TATASTEEL,828761,691.25
62352,"2018-02-26 09:20:05",TCS,51067,3055.15
62353,"2018-02-26 09:20:06",INFY,90422,1148.75
62355,"2018-02-26 09:20:06",MARUTI,21663,8769.9
62354,"2018-02-26 09:20:06",SUNPHARMA,715034,562.7
62356,"2018-02-26 09:20:06",TATASTEEL,830240,691.45
62357,"2018-02-26 09:20:06",TCS,51149,3056.2
62358,"2018-02-26 09:20:07",INFY,90527,1148.75
62361,"2018-02-26 09:20:07",JINDALSTEL,535273,269.75
62359,"2018-02-26 09:20:07",LT,66082,1311.55
62360,"2018-02-26 09:20:07",TATASTEEL,830460,691.15
62367,"2018-02-26 09:20:08",JINDALSTEL,535388,269.75
62368,"2018-02-26 09:20:08",LT,66336,1311.55
62362,"2018-02-26 09:20:08",MARUTI,21703,8767.1
62363,"2018-02-26 09:20:08",RELIANCE,246548,943.3
62364,"2018-02-26 09:20:08",SUNPHARMA,716370,563.25
62365,"2018-02-26 09:20:08",TATASTEEL,830838,691.45
62366,"2018-02-26 09:20:08",TCS,51400,3056.25
62375,"2018-02-26 09:20:09",JINDALSTEL,538638,269.8
62373,"2018-02-26 09:20:09",LT,66399,1311.55
62369,"2018-02-26 09:20:09",MARUTI,21964,8769.9
62374,"2018-02-26 09:20:09",RELIANCE,246719,943.6
62370,"2018-02-26 09:20:09",SUNPHARMA,716746,563.25
62371,"2018-02-26 09:20:09",TATASTEEL,835656,691.05
62372,"2018-02-26 09:20:09",TCS,51459,3055.35
62380,"2018-02-26 09:20:10",INFY,90954,1149.25
62381,"2018-02-26 09:20:10",LT,66528,1311.5
62376,"2018-02-26 09:20:10",MARUTI,22713,8771.05
62378,"2018-02-26 09:20:10",RELIANCE,254110,944.05
62377,"2018-02-26 09:20:10",SUNPHARMA,718471,563.65
62379,"2018-02-26 09:20:10",TATASTEEL,836236,691
62383,"2018-02-26 09:20:11",INFY,91017,1149.15
62382,"2018-02-26 09:20:11",JINDALSTEL,539707,269.75
62384,"2018-02-26 09:20:11",LT,66629,1311.5
62385,"2018-02-26 09:20:11",MARUTI,22804,8775.8
62386,"2018-02-26 09:20:11",RELIANCE,255114,944.05
62387,"2018-02-26 09:20:11",SUNPHARMA,719426,563.5
62388,"2018-02-26 09:20:11",TCS,51491,3055.4
62391,"2018-02-26 09:20:12",MARUTI,23123,8775.85
62390,"2018-02-26 09:20:12",RELIANCE,255478,944.25
62392,"2018-02-26 09:20:12",SUNPHARMA,719809,563.95
62389,"2018-02-26 09:20:12",TATASTEEL,836981,691.15
62393,"2018-02-26 09:20:12",TCS,51520,3055.4
62394,"2018-02-26 09:20:13",JINDALSTEL,545896,270.05
62395,"2018-02-26 09:20:13",LT,66714,1311.5
62396,"2018-02-26 09:20:13",MARUTI,23152,8777
62397,"2018-02-26 09:20:13",RELIANCE,256496,943.75
62398,"2018-02-26 09:20:13",TATASTEEL,837602,691.25
62403,"2018-02-26 09:20:14",LT,66748,1311.55
62399,"2018-02-26 09:20:14",RELIANCE,258767,944.25
62400,"2018-02-26 09:20:14",SUNPHARMA,721324,563.5
62401,"2018-02-26 09:20:14",TATASTEEL,837999,691.2
62402,"2018-02-26 09:20:14",TCS,51597,3056
62407,"2018-02-26 09:20:15",JINDALSTEL,546932,269.9
62409,"2018-02-26 09:20:15",LT,66783,1311.55
62404,"2018-02-26 09:20:15",MARUTI,23385,8774.1
62410,"2018-02-26 09:20:15",RELIANCE,259737,944
62405,"2018-02-26 09:20:15",SUNPHARMA,722489,563.65
62408,"2018-02-26 09:20:15",TATASTEEL,839775,691.25
62406,"2018-02-26 09:20:15",TCS,52168,3055.4
62416,"2018-02-26 09:20:16",JINDALSTEL,547309,269.8
62414,"2018-02-26 09:20:16",LT,66935,1312
62411,"2018-02-26 09:20:16",MARUTI,23475,8773.6
62412,"2018-02-26 09:20:16",RELIANCE,259936,944
62413,"2018-02-26 09:20:16",SUNPHARMA,723020,563.95
62415,"2018-02-26 09:20:16",TCS,52275,3056.2
62418,"2018-02-26 09:20:18",INFY,91079,1149.25
62426,"2018-02-26 09:20:18",JINDALSTEL,550369,269.95
62421,"2018-02-26 09:20:18",LT,66950,1312
62419,"2018-02-26 09:20:18",MARUTI,23481,8775.75
62422,"2018-02-26 09:20:18",RELIANCE,260226,944.25
62424,"2018-02-26 09:20:18",RELIANCE,260550,944.25
62420,"2018-02-26 09:20:18",SUNPHARMA,724084,563.85
62425,"2018-02-26 09:20:18",SUNPHARMA,724387,563.85
62423,"2018-02-26 09:20:18",TATASTEEL,840833,691
62417,"2018-02-26 09:20:18",TCS,52325,3055.8
62430,"2018-02-26 09:20:19",INFY,91144,1149.25
62431,"2018-02-26 09:20:19",LT,67014,1311.7
62427,"2018-02-26 09:20:19",MARUTI,23546,8772.85
62432,"2018-02-26 09:20:19",RELIANCE,260846,943.75
62428,"2018-02-26 09:20:19",TATASTEEL,841027,691
62429,"2018-02-26 09:20:19",TCS,52371,3055.45
62434,"2018-02-26 09:20:20",JINDALSTEL,550884,270
62435,"2018-02-26 09:20:20",MARUTI,23565,8775.75
62433,"2018-02-26 09:20:20",TATASTEEL,841302,691.1
62440,"2018-02-26 09:20:21",JINDALSTEL,551150,269.95
62441,"2018-02-26 09:20:21",LT,67162,1312
62442,"2018-02-26 09:20:21",MARUTI,23577,8775
62436,"2018-02-26 09:20:21",RELIANCE,260991,943.8
62437,"2018-02-26 09:20:21",SUNPHARMA,725016,563.95
62438,"2018-02-26 09:20:21",TATASTEEL,843924,691.3
62439,"2018-02-26 09:20:21",TCS,52469,3055.45
62443,"2018-02-26 09:20:22",LT,67220,1311.85
62444,"2018-02-26 09:20:22",RELIANCE,261112,943.8
62445,"2018-02-26 09:20:22",SUNPHARMA,726273,564.3
62446,"2018-02-26 09:20:22",TATASTEEL,845914,691
62447,"2018-02-26 09:20:22",TCS,52489,3055.45
62450,"2018-02-26 09:20:23",INFY,91163,1149.25
62448,"2018-02-26 09:20:23",JINDALSTEL,552305,269.9
62451,"2018-02-26 09:20:23",LT,67346,1312
62449,"2018-02-26 09:20:23",RELIANCE,261383,943.8
62452,"2018-02-26 09:20:23",SUNPHARMA,726544,564
62453,"2018-02-26 09:20:23",TATASTEEL,850206,690.8
62454,"2018-02-26 09:20:23",TCS,52596,3054
62455,"2018-02-26 09:20:24",MARUTI,23705,8775.75
62456,"2018-02-26 09:20:24",SUNPHARMA,727169,563.95
62457,"2018-02-26 09:20:24",TATASTEEL,851829,690.75
62458,"2018-02-26 09:20:24",TCS,52735,3055.1
62459,"2018-02-26 09:20:25",INFY,91189,1149.25
62460,"2018-02-26 09:20:25",MARUTI,23829,8775
62461,"2018-02-26 09:20:25",RELIANCE,263647,943.95
62464,"2018-02-26 09:20:26",JINDALSTEL,552638,269.8
62465,"2018-02-26 09:20:26",LT,67410,1312
62462,"2018-02-26 09:20:26",MARUTI,24096,8775
62466,"2018-02-26 09:20:26",RELIANCE,264178,943.7
62467,"2018-02-26 09:20:26",SUNPHARMA,729360,563.7
62463,"2018-02-26 09:20:26",TATASTEEL,853496,691
62470,"2018-02-26 09:20:27",JINDALSTEL,553251,269.85
62473,"2018-02-26 09:20:27",LT,67435,1312.25
62471,"2018-02-26 09:20:27",MARUTI,24280,8775.7
62472,"2018-02-26 09:20:27",RELIANCE,264295,943.65
62468,"2018-02-26 09:20:27",TATASTEEL,854189,691.15
62469,"2018-02-26 09:20:27",TCS,52838,3053.55
62475,"2018-02-26 09:20:28",INFY,91655,1149.2
62476,"2018-02-26 09:20:28",JINDALSTEL,555569,269.75
62477,"2018-02-26 09:20:28",MARUTI,24741,8776.55
62480,"2018-02-26 09:20:28",RELIANCE,265665,943.8
62478,"2018-02-26 09:20:28",SUNPHARMA,730221,563.95
62479,"2018-02-26 09:20:28",TATASTEEL,855512,690.75
62474,"2018-02-26 09:20:28",TCS,52874,3054.7
62482,"2018-02-26 09:20:29",INFY,91710,1149.2
62481,"2018-02-26 09:20:29",SUNPHARMA,732235,563.5
62490,"2018-02-26 09:20:32",INFY,92061,1149.2
62489,"2018-02-26 09:20:32",LT,67479,1312.25
62483,"2018-02-26 09:20:32",MARUTI,24964,8778.8
62491,"2018-02-26 09:20:32",MARUTI,25095,8778.65
62484,"2018-02-26 09:20:32",RELIANCE,265922,943.85
62487,"2018-02-26 09:20:32",RELIANCE,265977,943.95
62488,"2018-02-26 09:20:32",SUNPHARMA,735003,563.95
62485,"2018-02-26 09:20:32",TATASTEEL,856187,691
62492,"2018-02-26 09:20:32",TATASTEEL,857163,690.75
62486,"2018-02-26 09:20:32",TCS,52898,3054
62493,"2018-02-26 09:20:33",INFY,92124,1149.2
62502,"2018-02-26 09:20:33",INFY,92171,1149.2
62499,"2018-02-26 09:20:33",JINDALSTEL,556469,269.75
62503,"2018-02-26 09:20:33",JINDALSTEL,557775,269.65
62494,"2018-02-26 09:20:33",LT,67499,1312.25
62504,"2018-02-26 09:20:33",LT,67534,1312.25
62506,"2018-02-26 09:20:33",MARUTI,25595,8775.05
62495,"2018-02-26 09:20:33",RELIANCE,266477,944
62500,"2018-02-26 09:20:33",RELIANCE,268079,943.55
62509,"2018-02-26 09:20:33",RELIANCE,268167,943.8
62496,"2018-02-26 09:20:33",SUNPHARMA,737306,563.95
62505,"2018-02-26 09:20:33",SUNPHARMA,740823,564.2
62510,"2018-02-26 09:20:33",SUNPHARMA,742298,564.15
62497,"2018-02-26 09:20:33",TATASTEEL,861598,691.05
62501,"2018-02-26 09:20:33",TATASTEEL,863238,690.95
62507,"2018-02-26 09:20:33",TATASTEEL,863929,690.9
62498,"2018-02-26 09:20:33",TCS,53103,3055.45
62508,"2018-02-26 09:20:33",TCS,53114,3054.05
62511,"2018-02-26 09:20:34",LT,67646,1312.5
62512,"2018-02-26 09:20:34",MARUTI,26186,8776.5
62513,"2018-02-26 09:20:34",SUNPHARMA,743044,564
62514,"2018-02-26 09:20:34",TATASTEEL,867280,691.05
62517,"2018-02-26 09:20:35",INFY,92410,1149.2
62516,"2018-02-26 09:20:35",JINDALSTEL,557932,269.65
62518,"2018-02-26 09:20:35",LT,67769,1312.05
62515,"2018-02-26 09:20:35",MARUTI,26512,8776.5
62519,"2018-02-26 09:20:35",RELIANCE,268500,943.7
62523,"2018-02-26 09:20:36",JINDALSTEL,571196,269.7
62520,"2018-02-26 09:20:36",LT,67794,1312.35
62524,"2018-02-26 09:20:36",MARUTI,26865,8776
62525,"2018-02-26 09:20:36",RELIANCE,268700,943.75
62526,"2018-02-26 09:20:36",SUNPHARMA,743527,563.6
62521,"2018-02-26 09:20:36",TATASTEEL,870626,690.6
62522,"2018-02-26 09:20:36",TCS,53241,3054
62527,"2018-02-26 09:20:37",INFY,92510,1148.75
62528,"2018-02-26 09:20:37",JINDALSTEL,582828,269.7
62529,"2018-02-26 09:20:37",LT,67958,1312.05
62532,"2018-02-26 09:20:37",MARUTI,27033,8776
62530,"2018-02-26 09:20:37",RELIANCE,268762,943.5
62531,"2018-02-26 09:20:37",TATASTEEL,871028,690.55
62533,"2018-02-26 09:20:38",INFY,93092,1148.75
62534,"2018-02-26 09:20:38",JINDALSTEL,583148,269.7
62535,"2018-02-26 09:20:38",LT,68085,1312.05
62539,"2018-02-26 09:20:38",MARUTI,27107,8776.4
62536,"2018-02-26 09:20:38",SUNPHARMA,745417,563.4
62537,"2018-02-26 09:20:38",TATASTEEL,872440,690.55
62538,"2018-02-26 09:20:38",TCS,53920,3054.85
62546,"2018-02-26 09:20:39",INFY,93300,1148.6
62547,"2018-02-26 09:20:39",JINDALSTEL,585548,269.85
62542,"2018-02-26 09:20:39",LT,68261,1312.05
62545,"2018-02-26 09:20:39",MARUTI,27248,8776.1
62543,"2018-02-26 09:20:39",RELIANCE,269174,943.45
62544,"2018-02-26 09:20:39",SUNPHARMA,745587,563.3
62540,"2018-02-26 09:20:39",TATASTEEL,874848,690.6
62541,"2018-02-26 09:20:39",TCS,54030,3053.05
62548,"2018-02-26 09:20:40",INFY,93401,1148.6
62549,"2018-02-26 09:20:40",LT,68361,1312.2
62554,"2018-02-26 09:20:40",MARUTI,27312,8776.05
62550,"2018-02-26 09:20:40",RELIANCE,269274,943.45
62551,"2018-02-26 09:20:40",SUNPHARMA,746739,563.1
62552,"2018-02-26 09:20:40",TATASTEEL,877614,690.5
62553,"2018-02-26 09:20:40",TCS,54051,3053.05
62555,"2018-02-26 09:20:41",JINDALSTEL,585798,269.75
62556,"2018-02-26 09:20:41",LT,68411,1312
62561,"2018-02-26 09:20:41",MARUTI,27387,8776
62557,"2018-02-26 09:20:41",RELIANCE,269374,943.15
62558,"2018-02-26 09:20:41",SUNPHARMA,747064,563.4
62559,"2018-02-26 09:20:41",TATASTEEL,878497,690.65
62560,"2018-02-26 09:20:41",TCS,54107,3053
62565,"2018-02-26 09:20:42",JINDALSTEL,586103,269.7
62563,"2018-02-26 09:20:42",LT,68611,1311.85
62566,"2018-02-26 09:20:42",MARUTI,27565,8776
62562,"2018-02-26 09:20:42",RELIANCE,269430,943.45
62564,"2018-02-26 09:20:42",TATASTEEL,879886,690.65
62572,"2018-02-26 09:20:43",INFY,93566,1148.4
62573,"2018-02-26 09:20:43",JINDALSTEL,587721,269.7
62567,"2018-02-26 09:20:43",LT,68836,1312
62568,"2018-02-26 09:20:43",MARUTI,27596,8776.4
62569,"2018-02-26 09:20:43",RELIANCE,269725,943.3
62570,"2018-02-26 09:20:43",SUNPHARMA,748827,563
62571,"2018-02-26 09:20:43",TCS,54221,3052.25
62575,"2018-02-26 09:20:44",INFY,93617,1148.4
62578,"2018-02-26 09:20:44",JINDALSTEL,610163,269.75
62576,"2018-02-26 09:20:44",MARUTI,27761,8775.5
62579,"2018-02-26 09:20:44",SUNPHARMA,749348,563
62574,"2018-02-26 09:20:44",TATASTEEL,881896,690.7
62580,"2018-02-26 09:20:44",TATASTEEL,883430,690.55
62577,"2018-02-26 09:20:44",TCS,54309,3052.25
62581,"2018-02-26 09:20:45",JINDALSTEL,612956,269.75
62582,"2018-02-26 09:20:45",LT,69039,1312
62583,"2018-02-26 09:20:45",MARUTI,27840,8776.55
62584,"2018-02-26 09:20:45",RELIANCE,270058,943.3
62589,"2018-02-26 09:20:47",INFY,95436,1148
62591,"2018-02-26 09:20:47",INFY,95566,1147.5
62594,"2018-02-26 09:20:47",JINDALSTEL,613938,269.6
62590,"2018-02-26 09:20:47",LT,69233,1311.95
62595,"2018-02-26 09:20:47",LT,69275,1311.75
62587,"2018-02-26 09:20:47",MARUTI,28003,8774.95
62596,"2018-02-26 09:20:47",MARUTI,30122,8774.95
62597,"2018-02-26 09:20:47",RELIANCE,270442,943.4
62588,"2018-02-26 09:20:47",SUNPHARMA,750276,562.8
62585,"2018-02-26 09:20:47",TATASTEEL,884855,690.3
62592,"2018-02-26 09:20:47",TATASTEEL,886627,690.5
62586,"2018-02-26 09:20:47",TCS,54535,3052
62593,"2018-02-26 09:20:47",TCS,55009,3052.1
62602,"2018-02-26 09:20:48",LT,69742,1311.85
62598,"2018-02-26 09:20:48",MARUTI,31505,8775
62599,"2018-02-26 09:20:48",SUNPHARMA,750616,562.7
62600,"2018-02-26 09:20:48",TATASTEEL,887656,690.4
62601,"2018-02-26 09:20:48",TCS,55132,3051.6
62603,"2018-02-26 09:20:49",INFY,95972,1147.6
62604,"2018-02-26 09:20:49",JINDALSTEL,614148,269.65
62608,"2018-02-26 09:20:49",MARUTI,31785,8775.9
62605,"2018-02-26 09:20:49",RELIANCE,273076,943.9
62606,"2018-02-26 09:20:49",SUNPHARMA,751042,562.55
62609,"2018-02-26 09:20:49",TATASTEEL,888965,690.15
62607,"2018-02-26 09:20:49",TCS,55272,3050.85
62611,"2018-02-26 09:20:50",INFY,96166,1147.6
62614,"2018-02-26 09:20:50",INFY,96722,1147.7
62615,"2018-02-26 09:20:50",JINDALSTEL,615253,269.65
62616,"2018-02-26 09:20:50",MARUTI,31795,8774.5
62612,"2018-02-26 09:20:50",SUNPHARMA,751572,562.8
62613,"2018-02-26 09:20:50",TATASTEEL,889656,690.4
62610,"2018-02-26 09:20:50",TCS,55303,3050.8
62624,"2018-02-26 09:20:52",INFY,97023,1148
62625,"2018-02-26 09:20:52",JINDALSTEL,615753,269.75
62617,"2018-02-26 09:20:52",LT,69828,1311.85
62626,"2018-02-26 09:20:52",LT,69929,1311.85
62619,"2018-02-26 09:20:52",MARUTI,31815,8775.9
62627,"2018-02-26 09:20:52",MARUTI,32037,8772
62618,"2018-02-26 09:20:52",RELIANCE,274880,943.5
62621,"2018-02-26 09:20:52",RELIANCE,274997,943.45
62620,"2018-02-26 09:20:52",SUNPHARMA,753400,563
62622,"2018-02-26 09:20:52",TATASTEEL,891818,690.4
62623,"2018-02-26 09:20:52",TCS,55820,3048.65
62633,"2018-02-26 09:20:53",JINDALSTEL,617918,269.6
62635,"2018-02-26 09:20:53",JINDALSTEL,619918,269.3
62634,"2018-02-26 09:20:53",LT,70292,1311.15
62628,"2018-02-26 09:20:53",MARUTI,32052,8774.9
62629,"2018-02-26 09:20:53",RELIANCE,275735,943.2
62630,"2018-02-26 09:20:53",SUNPHARMA,754510,562.7
62631,"2018-02-26 09:20:53",TATASTEEL,892863,690.4
62632,"2018-02-26 09:20:53",TCS,55862,3048.4
62640,"2018-02-26 09:20:54",LT,70365,1311.2
62638,"2018-02-26 09:20:54",RELIANCE,275967,943.4
62636,"2018-02-26 09:20:54",SUNPHARMA,754867,562.5
62639,"2018-02-26 09:20:54",TATASTEEL,893472,690.5
62637,"2018-02-26 09:20:54",TCS,55890,3048
62641,"2018-02-26 09:20:55",JINDALSTEL,620768,269.25
62642,"2018-02-26 09:20:55",LT,70565,1312
62643,"2018-02-26 09:20:55",MARUTI,32213,8775.7
62644,"2018-02-26 09:20:55",RELIANCE,276263,943.45
62645,"2018-02-26 09:20:55",SUNPHARMA,755232,562.8
62647,"2018-02-26 09:20:55",TATASTEEL,895222,690.4
62646,"2018-02-26 09:20:55",TCS,55906,3048.35
62648,"2018-02-26 09:20:56",JINDALSTEL,622148,269.4
62650,"2018-02-26 09:20:56",LT,70698,1312
62649,"2018-02-26 09:20:56",MARUTI,32232,8775.7
62651,"2018-02-26 09:20:56",RELIANCE,276537,943.2
62652,"2018-02-26 09:20:56",SUNPHARMA,756629,562.85
62653,"2018-02-26 09:20:56",TCS,55968,3047.1
62657,"2018-02-26 09:20:58",INFY,97071,1147.85
62658,"2018-02-26 09:20:58",LT,70824,1312
62659,"2018-02-26 09:20:58",LT,70939,1311.45
62655,"2018-02-26 09:20:58",RELIANCE,276685,943.3
62656,"2018-02-26 09:20:58",SUNPHARMA,757511,562.75
62654,"2018-02-26 09:20:58",TATASTEEL,900062,690.5
62660,"2018-02-26 09:20:58",TATASTEEL,900363,690.3
62666,"2018-02-26 09:20:59",INFY,97404,1148
62665,"2018-02-26 09:20:59",JINDALSTEL,622861,269.35
62661,"2018-02-26 09:20:59",MARUTI,32254,8775.65
62667,"2018-02-26 09:20:59",MARUTI,32267,8775.65
62662,"2018-02-26 09:20:59",SUNPHARMA,758051,562.6
62663,"2018-02-26 09:20:59",TATASTEEL,903418,690.3
62664,"2018-02-26 09:20:59",TCS,56066,3046.75
62672,"2018-02-26 09:21:00",LT,71564,1311.2
62673,"2018-02-26 09:21:00",MARUTI,32283,8772
62668,"2018-02-26 09:21:00",RELIANCE,276957,943.3
62669,"2018-02-26 09:21:00",SUNPHARMA,758241,562.8
62670,"2018-02-26 09:21:00",TATASTEEL,904007,690.15
62671,"2018-02-26 09:21:00",TCS,56277,3046.55
62674,"2018-02-26 09:21:01",JINDALSTEL,624916,269.4
62675,"2018-02-26 09:21:01",LT,73112,1311.5
62679,"2018-02-26 09:21:01",MARUTI,32308,8775.5
62676,"2018-02-26 09:21:01",SUNPHARMA,758587,563
62677,"2018-02-26 09:21:01",TATASTEEL,905231,690.15
62678,"2018-02-26 09:21:01",TCS,56416,3048.35
62684,"2018-02-26 09:21:03",JINDALSTEL,629487,269.4
62681,"2018-02-26 09:21:03",LT,74350,1311.55
62685,"2018-02-26 09:21:03",LT,74523,1311.2
62689,"2018-02-26 09:21:03",MARUTI,32316,8774
62686,"2018-02-26 09:21:03",RELIANCE,278579,943.5
62682,"2018-02-26 09:21:03",SUNPHARMA,758906,562.8
62687,"2018-02-26 09:21:03",SUNPHARMA,760002,563.25
62680,"2018-02-26 09:21:03",TATASTEEL,906563,690.5
62688,"2018-02-26 09:21:03",TATASTEEL,908765,690.55
62683,"2018-02-26 09:21:03",TCS,56492,3046.6
62691,"2018-02-26 09:21:04",INFY,98108,1147.95
62692,"2018-02-26 09:21:04",LT,74865,1311.2
62695,"2018-02-26 09:21:04",MARUTI,32342,8774
62693,"2018-02-26 09:21:04",RELIANCE,278708,943.5
62694,"2018-02-26 09:21:04",SUNPHARMA,760856,563.15
62696,"2018-02-26 09:21:04",TATASTEEL,909424,690.3
62690,"2018-02-26 09:21:04",TCS,56576,3048.1
62697,"2018-02-26 09:21:05",INFY,98176,1147.85
62698,"2018-02-26 09:21:05",JINDALSTEL,629741,269.25
62699,"2018-02-26 09:21:05",LT,75154,1311.2
62700,"2018-02-26 09:21:05",RELIANCE,279551,943.45
62701,"2018-02-26 09:21:05",SUNPHARMA,761216,562.95
62702,"2018-02-26 09:21:05",TCS,56841,3047.75
62706,"2018-02-26 09:21:06",INFY,98284,1147.95
62707,"2018-02-26 09:21:06",MARUTI,32367,8774
62704,"2018-02-26 09:21:06",RELIANCE,279663,943.5
62703,"2018-02-26 09:21:06",TATASTEEL,910239,690.4
62705,"2018-02-26 09:21:06",TCS,56947,3048.2
62709,"2018-02-26 09:21:07",INFY,98343,1147.85
62710,"2018-02-26 09:21:07",JINDALSTEL,632811,269.5
62711,"2018-02-26 09:21:07",LT,75518,1311.3
62712,"2018-02-26 09:21:07",MARUTI,32405,8773.2
62708,"2018-02-26 09:21:07",TATASTEEL,912410,690.3
62719,"2018-02-26 09:21:09",LT,75561,1311.3
62720,"2018-02-26 09:21:09",MARUTI,32439,8773.2
62713,"2018-02-26 09:21:09",RELIANCE,280006,943.4
62717,"2018-02-26 09:21:09",RELIANCE,280076,943.4
62716,"2018-02-26 09:21:09",SUNPHARMA,762466,562.55
62714,"2018-02-26 09:21:09",TATASTEEL,914012,690.4
62718,"2018-02-26 09:21:09",TATASTEEL,914267,690.3
62715,"2018-02-26 09:21:09",TCS,57310,3048.55
62726,"2018-02-26 09:21:10",JINDALSTEL,633232,269.4
62722,"2018-02-26 09:21:10",LT,75671,1311.7
62727,"2018-02-26 09:21:10",MARUTI,32455,8773.55
62723,"2018-02-26 09:21:10",RELIANCE,280213,943.4
62724,"2018-02-26 09:21:10",SUNPHARMA,762676,562.5
62725,"2018-02-26 09:21:10",TATASTEEL,915342,690.25
62721,"2018-02-26 09:21:10",TCS,57333,3048.45
62731,"2018-02-26 09:21:11",INFY,98381,1147.85
62728,"2018-02-26 09:21:11",SUNPHARMA,764126,562.6
62729,"2018-02-26 09:21:11",TATASTEEL,916004,690.25
62730,"2018-02-26 09:21:11",TCS,57689,3048.25
62735,"2018-02-26 09:21:12",LT,75717,1311.4
62732,"2018-02-26 09:21:12",MARUTI,32524,8773.55
62733,"2018-02-26 09:21:12",SUNPHARMA,764367,562.9
62734,"2018-02-26 09:21:12",TATASTEEL,917110,690.3
62741,"2018-02-26 09:21:13",INFY,98421,1147.9
62736,"2018-02-26 09:21:13",JINDALSTEL,633806,269.35
62742,"2018-02-26 09:21:13",LT,75757,1311.7
62737,"2018-02-26 09:21:13",MARUTI,32591,8772
62743,"2018-02-26 09:21:13",RELIANCE,281192,943.25
62738,"2018-02-26 09:21:13",SUNPHARMA,766474,562.7
62739,"2018-02-26 09:21:13",TATASTEEL,919227,690.3
62740,"2018-02-26 09:21:13",TCS,58423,3048
62746,"2018-02-26 09:21:14",INFY,98821,1148
62747,"2018-02-26 09:21:14",LT,75782,1312
62744,"2018-02-26 09:21:14",MARUTI,32611,8773.15
62745,"2018-02-26 09:21:14",SUNPHARMA,767189,563
62748,"2018-02-26 09:21:14",TATASTEEL,937997,689.5
62749,"2018-02-26 09:21:15",INFY,100791,1148
62750,"2018-02-26 09:21:15",JINDALSTEL,633952,269.4
62751,"2018-02-26 09:21:15",MARUTI,32846,8772
62752,"2018-02-26 09:21:16",JINDALSTEL,634252,269.4
62755,"2018-02-26 09:21:16",MARUTI,32911,8773.05
62753,"2018-02-26 09:21:16",SUNPHARMA,783424,562.7
62754,"2018-02-26 09:21:16",TATASTEEL,945600,689.4
62759,"2018-02-26 09:21:17",LT,75873,1311.85
62756,"2018-02-26 09:21:17",SUNPHARMA,783615,562.65
62757,"2018-02-26 09:21:17",TATASTEEL,945823,689.8
62758,"2018-02-26 09:21:17",TCS,58445,3047.85
62765,"2018-02-26 09:21:18",INFY,100864,1148.15
62760,"2018-02-26 09:21:18",MARUTI,32965,8773.2
62761,"2018-02-26 09:21:18",RELIANCE,281319,943.2
62762,"2018-02-26 09:21:18",SUNPHARMA,784461,562.2
62763,"2018-02-26 09:21:18",TATASTEEL,947353,689.4
62764,"2018-02-26 09:21:18",TCS,58480,3047.85
62772,"2018-02-26 09:21:19",INFY,100902,1148.35
62768,"2018-02-26 09:21:19",JINDALSTEL,635505,269.15
62769,"2018-02-26 09:21:19",LT,75973,1311.85
62770,"2018-02-26 09:21:19",MARUTI,33242,8772
62771,"2018-02-26 09:21:19",RELIANCE,281441,943.05
62766,"2018-02-26 09:21:19",SUNPHARMA,786296,562.15
62767,"2018-02-26 09:21:19",TATASTEEL,950360,689.2
62774,"2018-02-26 09:21:20",JINDALSTEL,636986,269.1
62773,"2018-02-26 09:21:20",MARUTI,33484,8772
62775,"2018-02-26 09:21:20",RELIANCE,281559,943.2
62776,"2018-02-26 09:21:20",SUNPHARMA,786798,562.15
62777,"2018-02-26 09:21:20",TATASTEEL,951097,689.5
62778,"2018-02-26 09:21:20",TCS,58532,3047.85
62781,"2018-02-26 09:21:21",JINDALSTEL,637536,269.25
62782,"2018-02-26 09:21:21",LT,76083,1311.85
62779,"2018-02-26 09:21:21",MARUTI,33635,8772
62783,"2018-02-26 09:21:21",RELIANCE,281852,943.25
62784,"2018-02-26 09:21:21",SUNPHARMA,787296,562.35
62780,"2018-02-26 09:21:21",TCS,59339,3047.75
62785,"2018-02-26 09:21:22",JINDALSTEL,647697,269.15
62788,"2018-02-26 09:21:22",MARUTI,33648,8773
62786,"2018-02-26 09:21:22",TATASTEEL,953213,689.6
62787,"2018-02-26 09:21:22",TCS,59688,3047.75
62792,"2018-02-26 09:21:23",JINDALSTEL,648397,269.1
62789,"2018-02-26 09:21:23",LT,76120,1312.05
62793,"2018-02-26 09:21:23",MARUTI,33762,8772
62790,"2018-02-26 09:21:23",RELIANCE,285650,943.25
62794,"2018-02-26 09:21:23",SUNPHARMA,788460,562.45
62791,"2018-02-26 09:21:23",TATASTEEL,954410,689.2
62797,"2018-02-26 09:21:24",MARUTI,33799,8772.95
62798,"2018-02-26 09:21:24",RELIANCE,286673,942.9
62799,"2018-02-26 09:21:24",SUNPHARMA,788786,562.2
62795,"2018-02-26 09:21:24",TATASTEEL,956200,689.3
62796,"2018-02-26 09:21:24",TCS,59826,3048.25
62804,"2018-02-26 09:21:25",INFY,101137,1148.2
62800,"2018-02-26 09:21:25",MARUTI,33833,8772.95
62801,"2018-02-26 09:21:25",RELIANCE,287126,942.4
62802,"2018-02-26 09:21:25",TATASTEEL,956509,689.2
62803,"2018-02-26 09:21:25",TCS,60164,3048.45
62809,"2018-02-26 09:21:26",INFY,101615,1148.5
62810,"2018-02-26 09:21:26",JINDALSTEL,649519,269
62808,"2018-02-26 09:21:26",MARUTI,33859,8772.95
62811,"2018-02-26 09:21:26",RELIANCE,287345,942.5
62805,"2018-02-26 09:21:26",SUNPHARMA,789338,562.05
62806,"2018-02-26 09:21:26",TATASTEEL,958905,689.15
62807,"2018-02-26 09:21:26",TCS,60200,3048.6
62815,"2018-02-26 09:21:27",JINDALSTEL,649649,269
62813,"2018-02-26 09:21:27",MARUTI,34205,8772.2
62812,"2018-02-26 09:21:27",SUNPHARMA,790094,562.25
62814,"2018-02-26 09:21:27",TATASTEEL,960866,689.1
62820,"2018-02-26 09:21:28",INFY,101714,1148.6
62821,"2018-02-26 09:21:28",JINDALSTEL,649902,268.9
62816,"2018-02-26 09:21:28",RELIANCE,287405,942.5
62817,"2018-02-26 09:21:28",SUNPHARMA,793075,562
62818,"2018-02-26 09:21:28",TATASTEEL,970134,688.9
62819,"2018-02-26 09:21:28",TCS,60343,3048
62826,"2018-02-26 09:21:29",INFY,101742,1148.6
62827,"2018-02-26 09:21:29",JINDALSTEL,650502,268.9
62828,"2018-02-26 09:21:29",LT,76142,1312
62829,"2018-02-26 09:21:29",MARUTI,34420,8775.45
62824,"2018-02-26 09:21:29",RELIANCE,287477,942.5
62823,"2018-02-26 09:21:29",SUNPHARMA,795685,562
62825,"2018-02-26 09:21:29",TATASTEEL,970749,688.9
62822,"2018-02-26 09:21:29",TCS,60367,3047.85
62830,"2018-02-26 09:21:30",JINDALSTEL,650802,268.9
62834,"2018-02-26 09:21:30",MARUTI,34526,8775.5
62831,"2018-02-26 09:21:30",SUNPHARMA,796220,562.25
62832,"2018-02-26 09:21:30",TATASTEEL,971813,688.55
62833,"2018-02-26 09:21:30",TCS,60678,3048.1
62837,"2018-02-26 09:21:31",INFY,101844,1148.75
62840,"2018-02-26 09:21:31",JINDALSTEL,651402,268.9
62838,"2018-02-26 09:21:31",LT,76192,1312
62839,"2018-02-26 09:21:31",MARUTI,34588,8775.45
62835,"2018-02-26 09:21:31",SUNPHARMA,796900,562
62836,"2018-02-26 09:21:31",TATASTEEL,972818,688.9
62844,"2018-02-26 09:21:32",JINDALSTEL,652002,268.9
62846,"2018-02-26 09:21:32",JINDALSTEL,652327,268.8
62845,"2018-02-26 09:21:32",LT,76403,1312.65
62841,"2018-02-26 09:21:32",SUNPHARMA,797501,562.45
62847,"2018-02-26 09:21:32",SUNPHARMA,799581,562
62842,"2018-02-26 09:21:32",TATASTEEL,973377,688.65
62843,"2018-02-26 09:21:32",TCS,61140,3050.6
62851,"2018-02-26 09:21:33",LT,76495,1312.4
62849,"2018-02-26 09:21:33",MARUTI,34793,8776
62850,"2018-02-26 09:21:33",TATASTEEL,973877,688.65
62848,"2018-02-26 09:21:33",TCS,61455,3050.95
62858,"2018-02-26 09:21:34",INFY,102043,1149
62857,"2018-02-26 09:21:34",JINDALSTEL,652535,268.9
62859,"2018-02-26 09:21:34",LT,76576,1312.4
62852,"2018-02-26 09:21:34",MARUTI,34857,8776
62853,"2018-02-26 09:21:34",RELIANCE,287794,942.5
62854,"2018-02-26 09:21:34",SUNPHARMA,799905,562
62855,"2018-02-26 09:21:34",TATASTEEL,976369,688.7
62856,"2018-02-26 09:21:34",TCS,61705,3050.95
62863,"2018-02-26 09:21:35",JINDALSTEL,653245,268.9
62864,"2018-02-26 09:21:35",LT,76605,1312.4
62865,"2018-02-26 09:21:35",MARUTI,35061,8772.2
62866,"2018-02-26 09:21:35",RELIANCE,288062,942.35
62860,"2018-02-26 09:21:35",SUNPHARMA,800270,562.45
62861,"2018-02-26 09:21:35",TATASTEEL,979015,688.8
62862,"2018-02-26 09:21:35",TCS,61805,3050.95
62870,"2018-02-26 09:21:36",INFY,102203,1149
62871,"2018-02-26 09:21:36",LT,76677,1312.4
62867,"2018-02-26 09:21:36",MARUTI,35124,8777.7
62868,"2018-02-26 09:21:36",SUNPHARMA,801020,562.05
62869,"2018-02-26 09:21:36",TCS,61868,3049.5
62878,"2018-02-26 09:21:37",INFY,102410,1149
62875,"2018-02-26 09:21:37",JINDALSTEL,654650,268.8
62876,"2018-02-26 09:21:37",MARUTI,35243,8771
62877,"2018-02-26 09:21:37",RELIANCE,288984,942.5
62872,"2018-02-26 09:21:37",SUNPHARMA,801533,562.45
62873,"2018-02-26 09:21:37",TATASTEEL,980098,688.6
62874,"2018-02-26 09:21:37",TCS,61910,3051
62881,"2018-02-26 09:21:38",JINDALSTEL,655650,269
62882,"2018-02-26 09:21:38",LT,76777,1312.75
62883,"2018-02-26 09:21:38",MARUTI,35310,8777.85
62884,"2018-02-26 09:21:38",RELIANCE,289183,942.5
62879,"2018-02-26 09:21:38",SUNPHARMA,801917,562.25
62885,"2018-02-26 09:21:38",TATASTEEL,980333,688.85
62880,"2018-02-26 09:21:38",TCS,62086,3050.95
62886,"2018-02-26 09:21:39",JINDALSTEL,657100,268.9
62887,"2018-02-26 09:21:39",LT,76832,1312.75
62888,"2018-02-26 09:21:39",TATASTEEL,980810,688.9
62892,"2018-02-26 09:21:40",INFY,102528,1149.15
62893,"2018-02-26 09:21:40",JINDALSTEL,657850,268.95
62894,"2018-02-26 09:21:40",LT,77462,1312.85
62889,"2018-02-26 09:21:40",SUNPHARMA,802773,562.45
62890,"2018-02-26 09:21:40",TATASTEEL,981950,689
62891,"2018-02-26 09:21:40",TCS,62751,3050.45
62897,"2018-02-26 09:21:41",MARUTI,35380,8775.45
62898,"2018-02-26 09:21:41",RELIANCE,289268,942.5
62895,"2018-02-26 09:21:41",SUNPHARMA,803445,562.25
62899,"2018-02-26 09:21:41",TATASTEEL,982180,688.9
62896,"2018-02-26 09:21:41",TCS,62867,3049.65
62900,"2018-02-26 09:21:42",LT,77480,1312.35
62902,"2018-02-26 09:21:42",MARUTI,35395,8775.45
62903,"2018-02-26 09:21:42",RELIANCE,289645,942.35
